2286 3862
408 159 615 208 Pnanrnrm.
849 159 961 207 LXXIII

117 320 159 374 Ex
182 334 216 374 eo
236 317 326 386 libro,
350 316 396 387 qui
417 323 498 375 sexto
519 320 583 376 loco
604 319 716 391 ponitur
737 320 780 374 de
802 315 955 374 nomini·
979 322 1011 365 ne
1024 337 1105 386 genes·

53 397 162 474 busM)
192 407 225 457 et
252 416 390 471 genere
420 402 592 473 vestium,
620 404 693 460 haud
716 403 776 459 scic
799 420 832 458 en
853 401 958 460 Nonius
992 380 1093 419 cattum.

54 486 202 544 Marcellus
218 483 310 555 cupite
322 483 395 552 XIV,
412 485 485 554 quod
500 493 543 542 est
558 487 593 542 de
608 504 714 558 genere
732 486 958 543 vestimentorum

55 589 115 628 cum
135 567 322 637 testimoniis,
345 567 496 639 particulos
515 569 689 643 decerpserit
708 587 763 625 non
781 576 958 626 contemnen-

54 658 120 719 das;
144 654 220 710 solet
240 650 313 706 enim
331 650 381 705 ille
402 658 544 708 auctorum
567 670 679 709 suorum
700 660 730 709 ut
748 652 829 709 Gellii
855 654 958 710 scrinia

54 738 140 795 tacite
161 733 299 805 expilare.
345 733 401 789 Sed
417 751 478 790 eum
492 737 599 806 locum,
623 739 669 808 qui
685 755 712 809 p.
728 743 790 806 281,
805 743 838 796 25
855 738 959 807 legitur

56 824 92 878 de
110 819 268 875 trabearum
283 817 434 888 generibus
451 837 465 875 a
481 818 566 875 Numa
581 819 716 892 Pompilio
731 820 866 889 inventis,
888 821 959 876 Sue-

55 901 126 960 tonii
144 907 174 956 ut
198 901 321 964 credam,
343 902 489 970 byzantini
506 904 678 958 fabulatores
701 917 756 957 non
775 905 958 973 persuadent;

56 992 133 1042 certe
159 984 260 1039 Servio
284 984 376 1055 potius
399 985 478 1041 tidem
497 987 587 1042 babeo
611 1003 665 1043 non
689 985 801 1040 nimium
814 985 960 1044 dissimilis

54 1090 81 1144 p.
98 1074 165 1138 282,
192 1074 209 1127 3
234 1085 250 1121 e
272 1067 406 1127 Suetonio
427 1070 597 1140 proferenti,
620 1086 672 1125 nec
694 1070 894 1139 ignoraverunt
919 1068 961 1124 illi

55 1152 186 1210 Graeculi
205 1150 367 1208 Seruianum
382 1152 614 1208 commentorium.
645 1152 734 1208 Habet
751 1151 862 1221 quidem
879 1152 960 1206 loan-

55 1254 105 1293 nes
119 1235 210 1305 Lydus
226 1234 282 1290 illis
300 1234 412 1304 similia,
428 1242 456 1291 et
470 1237 682 1305 chrysostomus
699 1250 809 1306 quoque
826 1233 860 1289 ad
876 1233 960 1294 100.

54 1321 138 1377 rintb.
155 1318 268 1374 homilia
285 1317 372 1373 XXVI
388 1335 442 1374 non
458 1319 546 1375 licere
571 1320 611 1375 ait
632 1319 693 1375 sine
709 1319 822 1389 ciugulo
840 1324 867 1373 et
883 1318 960 1372 chla-

55 1404 138 1472 myde
163 1402 198 1457 ad
220 1400 368 1457 Caesarem
384 1400 510 1471 ingredi;
534 1404 584 1457 sed
605 1408 668 1456 ente
683 1401 903 1468 Diocletianum,
925 1402 960 1455 de

57 1501 112 1556 quo
129 1483 281 1554 Eutropius
302 1490 329 1551 9,
348 1486 383 1540 26
398 1482 533 1537 videndus
560 1489 620 1552 est,
647 1484 713 1538 talia
730 1483 816 1538 scribi
831 1483 960 1552 potuisse

56 1583 140 1638 nego.

120 1652 167 1705 De
199 1648 410 1705 maledictis
438 1648 539 1705 librum
564 1647 670 1704 Graece
698 1646 830 1720 scriptum
856 1644 958 1715 videri,
1016 1647 1088 1740 ¹133ss

56 1735 140 1808 paulo
159 1738 223 1789 ente
239 1732 406 1802 significavi.
450 1734 490 1788 De
505 1733 664 1789 sordidiore
682 1731 836 1803 argumenti
852 1746 958 1802 genere
982 1709 1036 1739 ¹⁶⁸⁰
1061 1711 1072 1740 ⁰
1090 1711 1101 1741 ⁸

57 1833 219 1890 comparare
248 1816 316 1871 licet
342 1833 402 1872 cunr
429 1817 546 1873 aliorum
574 1816 759 1889 scriptiones,
788 1821 842 1870 tum
869 1813 958 1886 ipsius

57 1900 210 1972 Tranquilli
221 1900 346 1955 libellum
359 1900 405 1970 qui
418 1902 469 1955 tuit
484 1902 525 1957 de
540 1899 798 1957 meretricibus
813 1916 838 1971 p.
847 1904 906 1962 302,
915 1905 956 1957 15.

119 1984 163 2040 Ad
178 1984 327 2039 Romana
343 1983 512 2040 instituta
527 1984 629 2040 referri
642 2000 675 2040 en
688 2000 759 2054 qnae
774 1982 808 2038 de
821 1983 959 2054 triumpho
976 1987 1073 2081 carptim
1085 1987 1118 2029 tn·

58 2074 157 2138 agunt,
179 2067 306 2121 instituto
322 2083 397 2122 mere
413 2070 534 2125 Romano
550 2085 640 2140 neque
658 2084 771 2139 usquam
786 2066 840 2122 nisi
857 2067 961 2124 Romae
1007 2049 1018 2080 ⁸
1035 2041 1089 2082 ω’·

59 2151 104 2221 egi
119 2149 215 2221 solito,
233 2148 330 2204 mirum
343 2158 523 2226 commentum
537 2152 609 2210 dixit
621 2151 793 2220 Bernhardy,
807 2150 877 2205 mire
893 2166 962 2206 saue

60 2234 182 2289 miratus.
228 2233 269 2286 De
291 2234 430 2290 vocabulo
446 2235 520 2305 quod
538 2241 580 2291 est
600 2236 753 2307 triumphus
770 2233 887 2304 eiusque
904 2233 962 2290 ori-

57 2317 123 2387 gine
150 2314 251 2373 similia
281 2331 376 2372 eorum
398 2335 468 2388 quse
498 2318 674 2388 Tranquillus
702 2315 835 2374 docuisse
862 2315 962 2385 lertnr,

58 2401 182 2456 Zonaras
195 2415 307 2470 quoque
321 2400 406 2456 tradit
422 2408 465 2471 12,
481 2409 515 2462 32
532 2408 551 2456 t.
568 2407 585 2458 2
599 2420 625 2474 p.
642 2406 693 2462 619
708 2402 794 2456 Bonn.

119 2485 161 2539 De
180 2482 262 2538 libris
279 2482 319 2537 de
340 2483 415 2547 rite
435 2484 621 2541 Caesarum
641 2502 724 2557 snpra
742 2484 903 2554 singulatim
919 2481 962 2538 di-

58 2572 130 2622 ctum
146 2571 197 2621 est.

118 2651 159 2706 De
189 2651 421 2706 Romanorum
443 2652 535 2709 viris
564 2650 787 2708 illustribus
816 2651 862 2721 qni
895 2649 961 2707 olim
995 2648 1092 2690 neuris

57 2734 244 2807 scripserant,
267 2733 359 2788 Varro
381 2734 480 2791 scutra
499 2733 594 2808 Nepos
616 2729 796 2809 Hyginusll),
822 2750 871 2791 eos
891 2735 962 2791 Sne·
984 2699 1102 2744 iuuenum

56 2863 259 2873 -.-.——

127 2926 175 2992 64)
193 2931 310 2995 Ineptum
321 2925 434 2992 κυρίων,
453 2931 522 2994 qnod
539 2931 609 2996 apud
625 2931 728 2983 Snidam
742 2939 803 3050 post
816 2920 963 2995 ὀνομάτων

57 2998 159 3063 legitur,
176 3012 217 3046 mc
234 2997 312 3047 iuvita
331 2997 461 3063 typothetn
474 3000 568 3053 omIsit.
598 2998 648 3050 Sed
661 3009 730 3053 certe
760 3003 790 3052 cc
804 3001 831 3050 in
842 3015 870 3050 re
886 2999 963 3066 plane

57 3067 173 3116 divinum
198 3065 327 3116 hominem
347 3065 456 3129 dixeris,
479 3067 523 3132 qui
546 3083 603 3118 cnm
626 3069 794 3135 sagacissimo
812 3068 963 3131 Bernhardy

55 3149 117 3184 casn
132 3135 158 3183 ln
170 3135 238 3184 idem
256 3134 351 3184 incidit.

125 3201 172 3267 55)
200 3203 252 3253 Hos
277 3203 314 3252 itn
333 3201 502 3270 Hieronymus
531 3207 662 3271 coniungit
678 3205 747 3256 inira
772 3222 798 3273 p.
825 3207 891 3266 287,
918 3204 960 3256 35.

55 3270 140 3321 Verbo
162 3272 398 3323 commemorandus
420 3274 496 3324 etiam
521 3282 559 3325 est
582 3274 743 3338 ‘Tarquitius
764 3276 797 3326 de
821 3273 962 3325 illustribus

55 3339 119 3388 viris
141 3340 285 3391 disserens’
307 3341 377 3406 apud
400 3341 558 3393 Luctantinm
577 3344 628 3394 div.
645 3343 703 3394 inst.
722 3345 754 3406 1,
775 3344 822 3400 10,
846 3344 860 3393 l
881 3355 962 3405 coque

55 3408 138 3472 magis
157 3411 225 3473 quod
247 3408 352 3459 luerunt
370 3411 414 3473 qui
430 3411 570 3476 Tranquilli
596 3426 688 3462 nomen
711 3419 873 3479 reponerent.
910 3408 962 3459 Sed

10 3709 78 3807 m.
