2286 3862
118 160 177 220 124
215 167 409 217 c.suunou1
425 166 552 226 nunno.
568 166 615 212 uu
629 166 712 213 v1ns
727 164 921 215 cananum
937 166 1017 215 nna.
1029 166 1093 219 mu

116 326 270 404 gloriatum
296 324 370 383 euim
393 322 506 382 assidue
529 324 557 380 iu
579 319 827 380 commemoranda
850 336 905 380 sua
937 320 1073 399 pietate,
1097 324 1126 385 ad

116 407 311 469 ulciscendam
329 424 432 466 necem
452 407 550 465 matris
571 413 600 463 et
624 404 742 463 fratrum
762 402 906 463 introisse
934 421 973 464 se
996 422 1065 465 cnm
1083 426 1124 486 pn·

116 494 204 570 gioue
232 490 393 551 cubiculum
423 489 530 549 'liberii
559 487 741 563 dormientis,
767 495 797 546 et
823 487 1048 551 misericordia
1072 509 1122 551 cor-

115 585 228 655 reptum
244 574 358 634 abiecto
380 572 460 633 ierro
479 572 655 640 recessisse;
673 588 729 630 nec
747 570 841 646 illum,
866 588 1057 652 quamquam
1068 592 1118 634 sen·

116 661 218 735 sisset,
239 666 286 718 aut
298 658 443 735 inquirere
459 657 609 734 quicquam
626 662 673 713 ant
689 654 795 733 exequi
810 671 929 715 ausum.
1115 682 1127 721 ς

73 745 108 801 13
179 743 228 803 Sic
248 741 398 819 imperium
417 739 554 818 adeptus,
579 737 610 798 P.
632 738 668 799 R.
692 737 757 818 (vel
775 736 870 797 dicam
897 736 1106 817 bominunqe

114 823 203 902 nusi)
231 826 291 883 voti
320 832 482 902 compotem
507 822 588 898 iecit,
612 822 847 900 exoptatissimus
868 822 1030 902 princeps
1047 825 1113 885 maxi·

113 927 177 969 mae
192 909 266 985 parti
282 907 500 987 provincialium
517 923 552 965 ac
571 905 704 982 militum,
727 904 803 983 quod
822 904 977 967 infantem
997 906 1118 987 plerique

115 1000 330 1070 cognoverant;
350 991 401 1051 sed
423 1000 452 1051 et
473 991 625 1050 universae
649 989 727 1068 plebi
746 988 874 1049 urbanae
899 988 947 1049 ob
962 992 1119 1053 mensum

115 1076 275 1139 Germanici
305 1076 395 1154 patris
424 1075 697 1150 miserationemque
723 1089 816 1152 prope
845 1070 988 1135 afflictae
1020 1074 1138 1137 donner

113 1160 214 1238 ltaque
231 1168 261 1217 ut
281 1177 298 1217 a
322 1157 433 1216 lliseuo
455 1157 544 1216 morit
564 1158 692 1234 quamvis
715 1155 841 1232 lugentis
860 1154 973 1218 babitu
1000 1169 1034 1220 et
1049 1160 1120 1220 inno

114 1243 212 1303 'liberi
233 1258 430 1318 prosequens,
451 1248 545 1299 tamen
567 1242 642 1299 inter
661 1240 762 1299 altaria
781 1248 810 1299 et
827 1240 971 1302 victimas
987 1242 1120 1304 ardentis

114 1343 169 1404 que
190 1323 290 1384 taedas
305 1322 476 1383 densissimo
495 1332 524 1382 et
543 1323 700 1384 laetissimo
716 1322 869 1383 obviorum
882 1327 1015 1401 agmine
1037 1328 1121 1387 inces

114 1411 161 1484 sit,
173 1426 261 1487 super
275 1408 367 1468 fausta
380 1409 494 1468 uomina
508 1407 586 1467 sidus
602 1417 630 1467 et
642 1406 749 1485 pullum
765 1416 793 1467 et
809 1424 921 1486 pupum
936 1418 969 1469 et
984 1409 1121 1471 alumnum

73 1502 106 1557 14
116 1492 334 1571 appellantium
356 1493 549 1570 ingressoque
569 1490 688 1568 urbem,
715 1492 809 1551 statim
832 1506 990 1553 consensu
1011 1505 1136 1555 senatnsu

113 1586 142 1637 et
153 1578 337 1655 irrumpentis
351 1578 380 1635 in
397 1577 503 1635 curiam
517 1574 635 1652 turbae,
657 1575 741 1635 inrita
760 1573 868 1633 Tiberii
884 1575 1062 1657 voluntate,
1082 1578 1120 1657 qni

112 1668 285 1719 testamento
304 1659 423 1719 alterum
438 1667 574 1736 nepotem
589 1677 670 1718 suum
691 1666 900 1737 praetextatum
918 1658 1025 1722 adbuc
1042 1662 1119 1723 coire

112 1742 211 1803 redem
234 1745 261 1802 ei
277 1742 412 1819 dederat,
433 1744 477 1801 ins
499 1741 700 1820 arbitriumque
725 1742 847 1801 omnium
867 1760 971 1803 rerum
994 1744 1043 1806 illi
1064 1764 1118 1826 per·

112 1828 227 1885 missum
249 1833 308 1900 est,
328 1832 407 1884 tauta
427 1822 542 1903 publica
563 1823 673 1884 laetitia
691 1834 720 1884 ut
740 1824 830 1884 tribus
849 1827 1003 1904 proximis
1022 1831 1117 1891 mensi·

112 1909 166 1968 bus
188 1926 222 1967 ac
243 1924 279 1964 ne
299 1907 366 1965 totis
387 1906 499 1984 quidem
522 1925 609 1986 supra
633 1916 745 1967 centurn
767 1909 922 1985 sexaginta
940 1912 1030 1975 milia
1046 1914 1134 1975 victa

111 2007 219 2050 marum
235 2006 320 2048 caesa
338 1989 494 2049 tradantur.

175 2069 361 2132 Gumdcinde
387 2091 497 2152 pancos
529 2083 595 2151 post
624 2075 686 2135 dies
711 2077 740 2134 in
766 2077 914 2154 proximas
939 2076 1118 2159 campaniae

111 2156 219 2216 insulas
235 2158 412 2233 traiecisset,
438 2167 506 2218 vota
532 2176 586 2237 pro
602 2159 695 2218 reditu
716 2169 852 2238 suscepta
873 2169 960 2239 sunt,
983 2180 1028 2223 ne
1044 2165 1118 2224 mini

110 2260 183 2301 mam
198 2241 311 2320 quidem
335 2243 521 2302 occasionem
546 2261 688 2322 qucquam
705 2245 853 2303 omittente
877 2246 907 2303 in
931 2247 1119 2310 testificanda

111 2325 304 2387 sollicitudine
320 2334 349 2385 et
371 2344 440 2386 cura
457 2326 493 2386 de
507 2327 703 2403 incolumitate
718 2329 789 2386 eius.
817 2327 856 2388 Ut
869 2344 945 2391 vero
967 2332 1000 2389 in
1017 2330 1139 2393 advers

110 2429 170 2470 sam
187 2409 369 2469 valitudinem
395 2410 507 2487 incidit,
535 2410 770 2488 pernoctantibus
796 2412 907 2470 cunctis
930 2413 1018 2476 circa
1041 2414 1119 2477 Pala·

109 2495 190 2568 tium,
213 2510 270 2552 non
292 2492 443 2553 defuerunt
466 2496 513 2572 qui
536 2493 750 2571 depugnaturos
777 2513 809 2553 se
831 2495 917 2555 armis
937 2514 997 2575 pro
1027 2500 1119 2561 salute

110 2577 191 2652 aegri
208 2577 313 2653 quique
330 2578 424 2655 capita
444 2595 494 2637 sua
515 2577 596 2637 titulo
614 2579 766 2657 proposito
789 2586 943 2638 voverent.
975 2580 1120 2645 Accessit

109 2657 144 2718 ad
170 2659 336 2717 immensum
364 2661 466 2718 civium
492 2678 618 2720 amorem
648 2662 782 2721 notabilis
811 2664 896 2721 etiam
921 2672 1119 2727 externorum

109 2741 203 2800 favor.
236 2740 366 2818 Namque
389 2741 552 2802 Artabanus
581 2743 748 2805 Parthorum
778 2764 848 2823 rex,
878 2744 977 2808 odium
999 2765 1141 2831 sempera

109 2831 359 2902 contemptumque
375 2826 472 2885 'liberi
488 2844 557 2903 prae
576 2845 609 2886 se
629 2827 742 2904 ferens,
766 2831 917 2889 amicitiam
933 2829 1026 2893 buius
1044 2835 1118 2895 nltm

109 2908 192 2988 petiit
213 2909 348 2985 venitque
380 2909 414 2969 ad
443 2909 617 2988 colloquium
642 2911 731 2988 legati
763 2912 942 2989 consularis,
972 2924 1003 2975 et
1026 2927 1118 2979 trans·

108 3009 227 3070 gressus
250 2990 417 3068 Euphraten
443 2993 553 3072 aquilas
583 3003 612 3053 et
637 2996 719 3071 sigua
741 2997 870 3056 Romana
893 2995 1118 3083 Caesarumque

108 3077 248 3152 imagines
268 3073 405 3135 adoravit.

66 3171 99 3224 15
170 3157 346 3218 Incendebat
370 3168 399 3219 et
424 3162 488 3239 ipse
506 3160 598 3221 studia
619 3162 762 3222 hominum
785 3165 859 3223 omni
880 3182 998 3241 genere
1021 3187 1118 3250 popu·
1134 3197 1143 3215 υ

107 3242 236 3302 laritatis.
275 3241 392 3302 Tiberio
416 3262 479 3303 cum
502 3244 630 3320 plurimis
658 3246 782 3306 lacrimis
805 3265 858 3326 pro
884 3251 1031 3313 contione
1059 3254 1118 3317 lau·

108 3324 174 3383 dato
208 3327 398 3406 funeratoque
431 3327 621 3405 amplissime,
664 3332 816 3390 confestim
848 3330 1060 3399 Pandateriam
1090 3346 1119 3399 et

107 3407 223 3468 Pontias
238 3409 274 3468 ad
293 3410 509 3470 transferendos
525 3415 624 3471 matris
647 3413 802 3494 fratrisque
819 3415 933 3475 cineres
947 3416 1118 3501 festinavit,
