<?xml version="1.0" encoding="UTF-8"?>
<!DOCTYPE html PUBLIC "-//W3C//DTD XHTML 1.0 Transitional//EN"
    "http://www.w3.org/TR/xhtml1/DTD/xhtml1-transitional.dtd">
<html xmlns="http://www.w3.org/1999/xhtml" xml:lang="en" lang="en">
 <head>
  <title>
</title>
<meta http-equiv="Content-Type" content="text/html;charset=utf-8" />
  <meta name='ocr-system' content='tesseract 3.04.00' />
  <meta name='ocr-capabilities' content='ocr_page ocr_carea ocr_par ocr_line ocrx_word'/>
</head>
<body>
  <div class='ocr_page' id='page_1' title='image "./csuetonitranqui00trangoog_0355.png"; bbox 0 0 2286 3862; ppageno 0'>
   <div class='ocr_carea' id='block_1_1' title="bbox 78 166 1058 233">
    <p class='ocr_par' dir='ltr' id='par_1_1' title="bbox 78 166 1058 233">
     <span class='ocr_line' id='line_1_1' title="bbox 78 166 1058 233; baseline 0.001 -6"><span class='ocrx_word' id='word_1_1' title='bbox 78 166 140 227; x_wconf 79' lang='lat'>244</span> <span class='ocrx_word' id='word_1_2' title='bbox 164 177 194 225; x_wconf 88' lang='lat' dir='ltr'>o.</span> <span class='ocrx_word' id='word_1_3' title='bbox 208 175 357 225; x_wconf 81' lang='lat' dir='ltr'>suenoni</span> <span class='ocrx_word' id='word_1_4' title='bbox 374 173 501 233; x_wconf 78' lang='lat' dir='ltr'>resno.</span> <span class='ocrx_word' id='word_1_5' title='bbox 520 173 567 220; x_wconf 83' lang='lat' dir='ltr'>on</span> <span class='ocrx_word' id='word_1_6' title='bbox 583 173 667 220; x_wconf 77' lang='lat' dir='ltr'>vina</span> <span class='ocrx_word' id='word_1_7' title='bbox 685 170 871 221; x_wconf 74' lang='lat' dir='ltr'>cassinuus</span> <span class='ocrx_word' id='word_1_8' title='bbox 886 173 964 223; x_wconf 82' lang='lat' dir='ltr'>mn.</span> <span class='ocrx_word' id='word_1_9' title='bbox 976 176 1058 228; x_wconf 87' lang='lat' dir='ltr'>vm.</span> 
     </span>
    </p>
   </div>
   <div class='ocr_carea' id='block_1_2' title="bbox 79 324 1087 497">
    <p class='ocr_par' dir='ltr' id='par_1_2' title="bbox 79 324 1087 497">
     <span class='ocr_line' id='line_1_2' title="bbox 79 324 1087 412; baseline -0.012 -19"><span class='ocrx_word' id='word_1_10' title='bbox 79 341 108 394; x_wconf 88' lang='lat' dir='ltr'>et</span> <span class='ocrx_word' id='word_1_11' title='bbox 122 333 213 412; x_wconf 90' lang='lat' dir='ltr'>ipsius</span> <span class='ocrx_word' id='word_1_12' title='bbox 226 333 332 409; x_wconf 78' lang='lat' dir='ltr'>imago.</span> <span class='ocrx_word' id='word_1_13' title='bbox 365 327 541 390; x_wconf 81' lang='lat' dir='ltr'>Celebrabat</span> <span class='ocrx_word' id='word_1_14' title='bbox 560 336 589 387; x_wconf 88' lang='lat' dir='ltr'>et</span> <span class='ocrx_word' id='word_1_15' title='bbox 612 327 641 385; x_wconf 91' lang='lat' dir='ltr'>in</span> <span class='ocrx_word' id='word_1_16' title='bbox 665 324 781 387; x_wconf 75' lang='lat' dir='ltr'>Albano</span> <span class='ocrx_word' id='word_1_17' title='bbox 801 336 873 406; x_wconf 89' lang='lat' dir='ltr'>quot</span> <span class='ocrx_word' id='word_1_18' title='bbox 894 330 983 391; x_wconf 84' lang='lat' dir='ltr'>annia</span> <span class='ocrx_word' id='word_1_19' title='bbox 1003 332 1087 409; x_wconf 63' lang='lat' dir='ltr'>Quin.</span> 
     </span>
     <span class='ocr_line' id='line_1_3' title="bbox 79 410 1087 497; baseline -0.002 -20"><span class='ocrx_word' id='word_1_20' title='bbox 79 418 190 497; x_wconf 88' lang='lat' dir='ltr'>qnatria</span> <span class='ocrx_word' id='word_1_21' title='bbox 214 416 377 491; x_wconf 79' lang='lat' dir='ltr'>Minervae,</span> <span class='ocrx_word' id='word_1_22' title='bbox 403 414 448 473; x_wconf 92' lang='lat' dir='ltr'>cui</span> <span class='ocrx_word' id='word_1_23' title='bbox 476 410 634 488; x_wconf 73' lang='lat' dir='ltr'>collegium</span> <span class='ocrx_word' id='word_1_24' title='bbox 656 412 833 488; x_wconf 75' lang='lat' dir='ltr'>instituerat,</span> <span class='ocrx_word' id='word_1_25' title='bbox 858 430 900 473; x_wconf 85' lang='lat' dir='ltr'>ex</span> <span class='ocrx_word' id='word_1_26' title='bbox 923 419 986 492; x_wconf 84' lang='lat' dir='ltr'>qno</span> <span class='ocrx_word' id='word_1_27' title='bbox 1009 426 1087 479; x_wconf 81' lang='lat' dir='ltr'>sorte</span> 
     </span>
    </p>
   </div>
   <div class='ocr_carea' id='block_1_3' title="bbox 50 494 1143 3525">
    <p class='ocr_par' dir='ltr' id='par_1_3' title="bbox 78 494 1099 736">
     <span class='ocr_line' id='line_1_4' title="bbox 79 494 1085 578; baseline 0.002 -17"><span class='ocrx_word' id='word_1_28' title='bbox 79 500 155 561; x_wconf 90' lang='lat' dir='ltr'>ducti</span> <span class='ocrx_word' id='word_1_29' title='bbox 172 500 339 578; x_wconf 76' lang='lat' dir='ltr'>magisterio</span> <span class='ocrx_word' id='word_1_30' title='bbox 358 499 547 575; x_wconf 76' lang='lat' dir='ltr'>iungerentur</span> <span class='ocrx_word' id='word_1_31' title='bbox 563 494 743 573; x_wconf 78' lang='lat' dir='ltr'>ederentque</span> <span class='ocrx_word' id='word_1_32' title='bbox 765 495 891 557; x_wconf 87' lang='lat' dir='ltr'>eximias</span> <span class='ocrx_word' id='word_1_33' title='bbox 914 501 1085 563; x_wconf 71' lang='lat' dir='ltr'>vmadones</span> 
     </span>
     <span class='ocr_line' id='line_1_5' title="bbox 79 582 1083 659; baseline 0.002 -14"><span class='ocrx_word' id='word_1_34' title='bbox 79 593 109 644; x_wconf 90' lang='lat' dir='ltr'>et</span> <span class='ocrx_word' id='word_1_35' title='bbox 128 586 264 644; x_wconf 86' lang='lat' dir='ltr'>scenicos</span> <span class='ocrx_word' id='word_1_36' title='bbox 287 582 387 659; x_wconf 89' lang='lat' dir='ltr'>ludos,</span> <span class='ocrx_word' id='word_1_37' title='bbox 412 597 558 658; x_wconf 78' lang='lat' dir='ltr'>superque</span> <span class='ocrx_word' id='word_1_38' title='bbox 582 588 730 640; x_wconf 88' lang='lat' dir='ltr'>oratorum</span> <span class='ocrx_word' id='word_1_39' title='bbox 753 596 790 640; x_wconf 85' lang='lat' dir='ltr'>ac</span> <span class='ocrx_word' id='word_1_40' title='bbox 811 588 963 659; x_wconf 79' lang='lat' dir='ltr'>poetarum</span> <span class='ocrx_word' id='word_1_41' title='bbox 987 594 1083 647; x_wconf 82' lang='lat' dir='ltr'>uerta-</span> 
     </span>
     <span class='ocr_line' id='line_1_6' title="bbox 78 686 1099 736; baseline 0.008 -8"><span class='ocrx_word' id='word_1_42' title='bbox 78 686 164 729; x_wconf 86' lang='lat' dir='ltr'>mrna.</span> <span class='ocrx_word' id='word_1_43' title='bbox 1086 697 1099 736; x_wconf 78' lang='lat' dir='ltr'>s</span> 
     </span>
    </p>

    <p class='ocr_par' dir='ltr' id='par_1_4' title="bbox 77 746 1109 1416">
     <span class='ocr_line' id='line_1_7' title="bbox 143 746 1073 829; baseline 0 -16"><span class='ocrx_word' id='word_1_44' title='bbox 143 749 329 828; x_wconf 74' lang='lat' dir='ltr'>Congiarium</span> <span class='ocrx_word' id='word_1_45' title='bbox 347 747 457 828; x_wconf 90' lang='lat' dir='ltr'>populo</span> <span class='ocrx_word' id='word_1_46' title='bbox 477 765 653 808; x_wconf 87' lang='lat' dir='ltr'>nummorum</span> <span class='ocrx_word' id='word_1_47' title='bbox 669 755 858 809; x_wconf 79' lang='lat' dir='ltr'>trecenorum</span> <span class='ocrx_word' id='word_1_48' title='bbox 875 758 923 811; x_wconf 85' lang='lat' dir='ltr'>ter</span> <span class='ocrx_word' id='word_1_49' title='bbox 934 746 1019 829; x_wconf 81' lang='lat' dir='ltr'>dedit,</span> <span class='ocrx_word' id='word_1_50' title='bbox 1035 761 1073 813; x_wconf 89' lang='lat' dir='ltr'>at·</span> 
     </span>
     <span class='ocr_line' id='line_1_8' title="bbox 79 831 1077 915; baseline 0.002 -21"><span class='ocrx_word' id='word_1_51' title='bbox 79 852 135 914; x_wconf 94' lang='lat' dir='ltr'>que</span> <span class='ocrx_word' id='word_1_52' title='bbox 159 837 233 894; x_wconf 87' lang='lat' dir='ltr'>inter</span> <span class='ocrx_word' id='word_1_53' title='bbox 259 832 428 911; x_wconf 86' lang='lat' dir='ltr'>spectacula</span> <span class='ocrx_word' id='word_1_54' title='bbox 454 834 580 892; x_wconf 90' lang='lat' dir='ltr'>muneris</span> <span class='ocrx_word' id='word_1_55' title='bbox 602 831 794 909; x_wconf 81' lang='lat' dir='ltr'>largissimum</span> <span class='ocrx_word' id='word_1_56' title='bbox 819 832 952 913; x_wconf 83' lang='lat' dir='ltr'>epulum.</span> <span class='ocrx_word' id='word_1_57' title='bbox 991 834 1077 915; x_wconf 83' lang='lat' dir='ltr'>Septi·</span> 
     </span>
     <span class='ocr_line' id='line_1_9' title="bbox 77 915 1084 999; baseline 0 -21"><span class='ocrx_word' id='word_1_58' title='bbox 77 918 206 978; x_wconf 87' lang='lat' dir='ltr'>montiali</span> <span class='ocrx_word' id='word_1_59' title='bbox 231 934 316 977; x_wconf 89' lang='lat' dir='ltr'>sacro</span> <span class='ocrx_word' id='word_1_60' title='bbox 342 917 471 996; x_wconf 92' lang='lat' dir='ltr'>quidem,</span> <span class='ocrx_word' id='word_1_61' title='bbox 500 917 610 977; x_wconf 89' lang='lat' dir='ltr'>senatui</span> <span class='ocrx_word' id='word_1_62' title='bbox 637 915 784 995; x_wconf 86' lang='lat' dir='ltr'>equitique</span> <span class='ocrx_word' id='word_1_63' title='bbox 807 920 960 997; x_wconf 78' lang='lat' dir='ltr'>penuriis,</span> <span class='ocrx_word' id='word_1_64' title='bbox 991 918 1084 999; x_wconf 89' lang='lat' dir='ltr'>plebei</span> 
     </span>
     <span class='ocr_line' id='line_1_10' title="bbox 78 1000 1085 1083; baseline 0.003 -20"><span class='ocrx_word' id='word_1_65' title='bbox 78 1000 228 1082; x_wconf 77' lang='lat' dir='ltr'>sportellis</span> <span class='ocrx_word' id='word_1_66' title='bbox 248 1020 311 1060; x_wconf 89' lang='lat' dir='ltr'>cum</span> <span class='ocrx_word' id='word_1_67' title='bbox 336 1000 460 1061; x_wconf 91' lang='lat' dir='ltr'>obsonio</span> <span class='ocrx_word' id='word_1_68' title='bbox 484 1000 658 1077; x_wconf 84' lang='lat' dir='ltr'>distributis,</span> <span class='ocrx_word' id='word_1_69' title='bbox 683 1000 792 1060; x_wconf 86' lang='lat' dir='ltr'>initium</span> <span class='ocrx_word' id='word_1_70' title='bbox 810 1002 958 1065; x_wconf 81' lang='lat' dir='ltr'>vescendi</span> <span class='ocrx_word' id='word_1_71' title='bbox 983 1007 1085 1083; x_wconf 90' lang='lat' dir='ltr'>primus</span> 
     </span>
     <span class='ocr_line' id='line_1_11' title="bbox 77 1083 1109 1168; baseline -0.005 -21"><span class='ocrx_word' id='word_1_72' title='bbox 77 1086 161 1155; x_wconf 77' lang='lat' dir='ltr'>iecit3</span> <span class='ocrx_word' id='word_1_73' title='bbox 182 1084 286 1164; x_wconf 91' lang='lat' dir='ltr'>dieque</span> <span class='ocrx_word' id='word_1_74' title='bbox 305 1088 438 1163; x_wconf 85' lang='lat' dir='ltr'>proximo</span> <span class='ocrx_word' id='word_1_75' title='bbox 457 1102 541 1144; x_wconf 88' lang='lat' dir='ltr'>omne</span> <span class='ocrx_word' id='word_1_76' title='bbox 562 1102 656 1162; x_wconf 81' lang='lat' dir='ltr'>genus</span> <span class='ocrx_word' id='word_1_77' title='bbox 673 1102 769 1144; x_wconf 91' lang='lat' dir='ltr'>rerum</span> <span class='ocrx_word' id='word_1_78' title='bbox 783 1083 906 1148; x_wconf 88' lang='lat' dir='ltr'>missilia</span> <span class='ocrx_word' id='word_1_79' title='bbox 918 1090 1109 1168; x_wconf 87' lang='lat' dir='ltr'>sparsit,et1o</span> 
     </span>
     <span class='ocr_line' id='line_1_12' title="bbox 78 1167 1084 1252; baseline 0.005 -24"><span class='ocrx_word' id='word_1_80' title='bbox 78 1169 145 1248; x_wconf 93' lang='lat' dir='ltr'>quia</span> <span class='ocrx_word' id='word_1_81' title='bbox 169 1187 238 1248; x_wconf 90' lang='lat' dir='ltr'>pars</span> <span class='ocrx_word' id='word_1_82' title='bbox 262 1171 353 1229; x_wconf 92' lang='lat' dir='ltr'>maior</span> <span class='ocrx_word' id='word_1_83' title='bbox 379 1171 451 1228; x_wconf 85' lang='lat' dir='ltr'>intra</span> <span class='ocrx_word' id='word_1_84' title='bbox 476 1167 629 1247; x_wconf 90' lang='lat' dir='ltr'>popularia</span> <span class='ocrx_word' id='word_1_85' title='bbox 660 1167 825 1247; x_wconf 88' lang='lat' dir='ltr'>deciderat,</span> <span class='ocrx_word' id='word_1_86' title='bbox 861 1172 1084 1252; x_wconf 73' lang='lat' dir='ltr'>quinquagenas</span> 
     </span>
     <span class='ocr_line' id='line_1_13' title="bbox 77 1252 1082 1332; baseline 0.006 -19"><span class='ocrx_word' id='word_1_87' title='bbox 77 1261 206 1313; x_wconf 86' lang='lat' dir='ltr'>tesseras</span> <span class='ocrx_word' id='word_1_88' title='bbox 229 1253 257 1312; x_wconf 92' lang='lat' dir='ltr'>in</span> <span class='ocrx_word' id='word_1_89' title='bbox 280 1252 412 1330; x_wconf 78' lang='lat' dir='ltr'>singulos</span> <span class='ocrx_word' id='word_1_90' title='bbox 436 1269 545 1313; x_wconf 89' lang='lat' dir='ltr'>cuneos</span> <span class='ocrx_word' id='word_1_91' title='bbox 566 1254 710 1332; x_wconf 88' lang='lat' dir='ltr'>equestris</span> <span class='ocrx_word' id='word_1_92' title='bbox 735 1271 771 1314; x_wconf 89' lang='lat' dir='ltr'>ao</span> <span class='ocrx_word' id='word_1_93' title='bbox 803 1257 950 1317; x_wconf 85' lang='lat' dir='ltr'>senatorii</span> <span class='ocrx_word' id='word_1_94' title='bbox 983 1256 1082 1319; x_wconf 82' lang='lat' dir='ltr'>ordinis</span> 
     </span>
     <span class='ocr_line' id='line_1_14' title="bbox 79 1337 284 1416; baseline -0.01 -19"><span class='ocrx_word' id='word_1_95' title='bbox 79 1337 284 1416; x_wconf 82' lang='lat' dir='ltr'>pronuntiavit.</span> 
     </span>
    </p>

    <p class='ocr_par' dir='ltr' id='par_1_5' title="bbox 50 1420 1111 2069">
     <span class='ocr_line' id='line_1_15' title="bbox 50 1420 1083 1502; baseline 0.007 -23"><span class='ocrx_word' id='word_1_96' title='bbox 50 1435 66 1488; x_wconf 74' lang='lat'><strong>5</strong></span> <span class='ocrx_word' id='word_1_97' title='bbox 140 1420 264 1481; x_wconf 87' lang='lat' dir='ltr'>Plurima</span> <span class='ocrx_word' id='word_1_98' title='bbox 281 1431 310 1481; x_wconf 91' lang='lat' dir='ltr'>et</span> <span class='ocrx_word' id='word_1_99' title='bbox 328 1421 504 1500; x_wconf 89' lang='lat' dir='ltr'>amplissima</span> <span class='ocrx_word' id='word_1_100' title='bbox 525 1438 617 1500; x_wconf 91' lang='lat' dir='ltr'>opera</span> <span class='ocrx_word' id='word_1_101' title='bbox 634 1420 769 1480; x_wconf 87' lang='lat' dir='ltr'>incendio</span> <span class='ocrx_word' id='word_1_102' title='bbox 783 1420 942 1502; x_wconf 90' lang='lat' dir='ltr'>absumpta</span> <span class='ocrx_word' id='word_1_103' title='bbox 955 1424 1083 1501; x_wconf 88' lang='lat' dir='ltr'>restitnit,</span> 
     </span>
     <span class='ocr_line' id='line_1_16' title="bbox 76 1503 1106 1586; baseline 0.001 -20"><span class='ocrx_word' id='word_1_104' title='bbox 76 1507 105 1567; x_wconf 94' lang='lat' dir='ltr'>in</span> <span class='ocrx_word' id='word_1_105' title='bbox 130 1507 192 1585; x_wconf 87' lang='lat' dir='ltr'>quis</span> <span class='ocrx_word' id='word_1_106' title='bbox 213 1514 242 1565; x_wconf 86' lang='lat' dir='ltr'>et</span> <span class='ocrx_word' id='word_1_107' title='bbox 263 1503 453 1584; x_wconf 83' lang='lat' dir='ltr'>Capitolium,</span> <span class='ocrx_word' id='word_1_108' title='bbox 478 1504 556 1586; x_wconf 93' lang='lat' dir='ltr'>qnod</span> <span class='ocrx_word' id='word_1_109' title='bbox 575 1523 675 1565; x_wconf 86' lang='lat' dir='ltr'>rursus</span> <span class='ocrx_word' id='word_1_110' title='bbox 696 1514 821 1575; x_wconf 79' lang='lat' dir='ltr'>arserat:</span> <span class='ocrx_word' id='word_1_111' title='bbox 843 1505 898 1567; x_wconf 88' lang='lat' dir='ltr'>sed</span> <span class='ocrx_word' id='word_1_112' title='bbox 916 1510 1022 1570; x_wconf 88' lang='lat' dir='ltr'>omnia</span> <span class='ocrx_word' id='word_1_113' title='bbox 1038 1508 1106 1570; x_wconf 83' lang='lat' dir='ltr'>subo</span> 
     </span>
     <span class='ocr_line' id='line_1_17' title="bbox 77 1589 1084 1669; baseline 0.006 -20"><span class='ocrx_word' id='word_1_114' title='bbox 77 1589 159 1649; x_wconf 89' lang='lat' dir='ltr'>titulo</span> <span class='ocrx_word' id='word_1_115' title='bbox 173 1597 278 1650; x_wconf 89' lang='lat' dir='ltr'>tantum</span> <span class='ocrx_word' id='word_1_116' title='bbox 290 1608 343 1650; x_wconf 88' lang='lat' dir='ltr'>sno</span> <span class='ocrx_word' id='word_1_117' title='bbox 363 1608 397 1650; x_wconf 92' lang='lat' dir='ltr'>ae</span> <span class='ocrx_word' id='word_1_118' title='bbox 416 1592 479 1650; x_wconf 89' lang='lat' dir='ltr'>sine</span> <span class='ocrx_word' id='word_1_119' title='bbox 498 1589 556 1650; x_wconf 89' lang='lat' dir='ltr'>ulla</span> <span class='ocrx_word' id='word_1_120' title='bbox 575 1589 687 1667; x_wconf 91' lang='lat' dir='ltr'>pristini</span> <span class='ocrx_word' id='word_1_121' title='bbox 706 1589 832 1650; x_wconf 86' lang='lat' dir='ltr'>auctoris</span> <span class='ocrx_word' id='word_1_122' title='bbox 846 1594 1008 1669; x_wconf 80' lang='lat' dir='ltr'>memoria.</span> <span class='ocrx_word' id='word_1_123' title='bbox 1033 1592 1084 1655; x_wconf 85' lang='lat' dir='ltr'>No·</span> 
     </span>
     <span class='ocr_line' id='line_1_18' title="bbox 78 1671 1084 1756; baseline 0.007 -24"><span class='ocrx_word' id='word_1_124' title='bbox 78 1691 143 1732; x_wconf 85' lang='lat' dir='ltr'>vam</span> <span class='ocrx_word' id='word_1_125' title='bbox 156 1681 250 1733; x_wconf 88' lang='lat' dir='ltr'>autem</span> <span class='ocrx_word' id='word_1_126' title='bbox 266 1675 404 1734; x_wconf 84' lang='lat' dir='ltr'>excitavit</span> <span class='ocrx_word' id='word_1_127' title='bbox 422 1675 522 1735; x_wconf 88' lang='lat' dir='ltr'>aedem</span> <span class='ocrx_word' id='word_1_128' title='bbox 539 1675 567 1734; x_wconf 91' lang='lat' dir='ltr'>in</span> <span class='ocrx_word' id='word_1_129' title='bbox 586 1671 731 1752; x_wconf 80' lang='lat' dir='ltr'>Capitolio</span> <span class='ocrx_word' id='word_1_130' title='bbox 750 1671 872 1735; x_wconf 83' lang='lat' dir='ltr'>Custodi</span> <span class='ocrx_word' id='word_1_131' title='bbox 888 1674 979 1756; x_wconf 79' lang='lat' dir='ltr'>lovi,</span> <span class='ocrx_word' id='word_1_132' title='bbox 1002 1687 1032 1738; x_wconf 88' lang='lat' dir='ltr'>et</span> <span class='ocrx_word' id='word_1_133' title='bbox 1048 1678 1084 1738; x_wconf 83' lang='lat' dir='ltr'>lo</span> 
     </span>
     <span class='ocr_line' id='line_1_19' title="bbox 77 1756 1084 1841; baseline 0.006 -24"><span class='ocrx_word' id='word_1_134' title='bbox 77 1775 139 1817; x_wconf 90' lang='lat' dir='ltr'>rum</span> <span class='ocrx_word' id='word_1_135' title='bbox 158 1758 235 1837; x_wconf 91' lang='lat' dir='ltr'>qnod</span> <span class='ocrx_word' id='word_1_136' title='bbox 253 1776 328 1818; x_wconf 88' lang='lat' dir='ltr'>nnuc</span> <span class='ocrx_word' id='word_1_137' title='bbox 344 1757 461 1818; x_wconf 86' lang='lat' dir='ltr'>Nervae</span> <span class='ocrx_word' id='word_1_138' title='bbox 478 1766 610 1834; x_wconf 85' lang='lat' dir='ltr'>vocatur,</span> <span class='ocrx_word' id='word_1_139' title='bbox 629 1759 697 1816; x_wconf 91' lang='lat' dir='ltr'>item</span> <span class='ocrx_word' id='word_1_140' title='bbox 716 1756 834 1819; x_wconf 83' lang='lat' dir='ltr'>Flauiae</span> <span class='ocrx_word' id='word_1_141' title='bbox 853 1760 1003 1840; x_wconf 89' lang='lat' dir='ltr'>templum</span> <span class='ocrx_word' id='word_1_142' title='bbox 1018 1780 1084 1841; x_wconf 75' lang='lat' dir='ltr'>qen·</span> 
     </span>
     <span class='ocr_line' id='line_1_20' title="bbox 77 1840 1085 1924; baseline 0.006 -22"><span class='ocrx_word' id='word_1_143' title='bbox 77 1844 114 1902; x_wconf 90' lang='lat' dir='ltr'>tis</span> <span class='ocrx_word' id='word_1_144' title='bbox 134 1851 163 1901; x_wconf 88' lang='lat' dir='ltr'>et</span> <span class='ocrx_word' id='word_1_145' title='bbox 179 1840 299 1902; x_wconf 89' lang='lat' dir='ltr'>stadium</span> <span class='ocrx_word' id='word_1_146' title='bbox 318 1850 347 1902; x_wconf 91' lang='lat' dir='ltr'>et</span> <span class='ocrx_word' id='word_1_147' title='bbox 365 1841 466 1903; x_wconf 89' lang='lat' dir='ltr'>Odium</span> <span class='ocrx_word' id='word_1_148' title='bbox 485 1850 514 1903; x_wconf 89' lang='lat' dir='ltr'>et</span> <span class='ocrx_word' id='word_1_149' title='bbox 532 1840 747 1919; x_wconf 87' lang='lat' dir='ltr'>naumachiam,</span> <span class='ocrx_word' id='word_1_150' title='bbox 771 1860 788 1903; x_wconf 92' lang='lat' dir='ltr'>e</span> <span class='ocrx_word' id='word_1_151' title='bbox 816 1842 898 1903; x_wconf 90' lang='lat' dir='ltr'>cuius</span> <span class='ocrx_word' id='word_1_152' title='bbox 920 1854 1034 1924; x_wconf 86' lang='lat' dir='ltr'>postea</span> <span class='ocrx_word' id='word_1_153' title='bbox 1049 1845 1085 1907; x_wconf 90' lang='lat' dir='ltr'>la·</span> 
     </span>
     <span class='ocr_line' id='line_1_21' title="bbox 79 1925 1111 2006; baseline 0.008 -22"><span class='ocrx_word' id='word_1_154' title='bbox 79 1925 146 2006; x_wconf 89' lang='lat' dir='ltr'>pide</span> <span class='ocrx_word' id='word_1_155' title='bbox 176 1927 314 1986; x_wconf 86' lang='lat' dir='ltr'>maximus</span> <span class='ocrx_word' id='word_1_156' title='bbox 340 1928 451 2004; x_wconf 89' lang='lat' dir='ltr'>circus,</span> <span class='ocrx_word' id='word_1_157' title='bbox 485 1926 595 1986; x_wconf 90' lang='lat' dir='ltr'>deustis</span> <span class='ocrx_word' id='word_1_158' title='bbox 628 1927 769 2006; x_wconf 89' lang='lat' dir='ltr'>utrimque</span> <span class='ocrx_word' id='word_1_159' title='bbox 797 1926 961 2006; x_wconf 89' lang='lat' dir='ltr'>lateribus,</span> <span class='ocrx_word' id='word_1_160' title='bbox 993 1939 1111 1997; x_wconf 78' lang='lat' dir='ltr'>extruo</span> 
     </span>
     <span class='ocr_line' id='line_1_22' title="bbox 79 2018 216 2069; baseline 0.007 -1"><span class='ocrx_word' id='word_1_161' title='bbox 79 2018 142 2068; x_wconf 92' lang='lat' dir='ltr'>ctus</span> <span class='ocrx_word' id='word_1_162' title='bbox 161 2018 216 2069; x_wconf 84' lang='lat' dir='ltr'>est.</span> 
     </span>
    </p>

    <p class='ocr_par' dir='ltr' id='par_1_6' title="bbox 51 2093 1112 2742">
     <span class='ocr_line' id='line_1_23' title="bbox 51 2093 1085 2175; baseline 0.001 -17"><span class='ocrx_word' id='word_1_163' title='bbox 51 2103 68 2158; x_wconf 86' lang='lat'><strong>6</strong></span> <span class='ocrx_word' id='word_1_164' title='bbox 143 2093 353 2174; x_wconf 83' lang='lat' dir='ltr'>Expeditiones</span> <span class='ocrx_word' id='word_1_165' title='bbox 366 2096 469 2173; x_wconf 88' lang='lat' dir='ltr'>partim</span> <span class='ocrx_word' id='word_1_166' title='bbox 487 2104 593 2174; x_wconf 90' lang='lat' dir='ltr'>sponte</span> <span class='ocrx_word' id='word_1_167' title='bbox 611 2094 750 2175; x_wconf 86' lang='lat' dir='ltr'>suscepit,</span> <span class='ocrx_word' id='word_1_168' title='bbox 772 2096 875 2174; x_wconf 90' lang='lat' dir='ltr'>partim</span> <span class='ocrx_word' id='word_1_169' title='bbox 892 2100 1085 2161; x_wconf 86' lang='lat' dir='ltr'>necessario:</span> 
     </span>
     <span class='ocr_line' id='line_1_24' title="bbox 78 2176 1087 2261; baseline 0.005 -23"><span class='ocrx_word' id='word_1_170' title='bbox 78 2188 183 2257; x_wconf 88' lang='lat' dir='ltr'>sponte</span> <span class='ocrx_word' id='word_1_171' title='bbox 195 2179 223 2237; x_wconf 94' lang='lat' dir='ltr'>in</span> <span class='ocrx_word' id='word_1_172' title='bbox 247 2176 384 2258; x_wconf 81' lang='lat' dir='ltr'>Catthos,</span> <span class='ocrx_word' id='word_1_173' title='bbox 408 2182 578 2241; x_wconf 87' lang='lat' dir='ltr'>necessario</span> <span class='ocrx_word' id='word_1_174' title='bbox 610 2197 694 2240; x_wconf 91' lang='lat' dir='ltr'>unam</span> <span class='ocrx_word' id='word_1_175' title='bbox 720 2179 749 2238; x_wconf 94' lang='lat' dir='ltr'>in</span> <span class='ocrx_word' id='word_1_176' title='bbox 773 2179 942 2259; x_wconf 86' lang='lat' dir='ltr'>Sarmatas,</span> <span class='ocrx_word' id='word_1_177' title='bbox 968 2181 1087 2261; x_wconf 75' lang='lat' dir='ltr'>legione</span> 
     </span>
     <span class='ocr_line' id='line_1_25' title="bbox 78 2262 1086 2347; baseline 0.007 -25"><span class='ocrx_word' id='word_1_178' title='bbox 78 2281 142 2322; x_wconf 91' lang='lat' dir='ltr'>cnm</span> <span class='ocrx_word' id='word_1_179' title='bbox 159 2262 257 2340; x_wconf 83' lang='lat' dir='ltr'>legato</span> <span class='ocrx_word' id='word_1_180' title='bbox 276 2263 358 2323; x_wconf 91' lang='lat' dir='ltr'>simul</span> <span class='ocrx_word' id='word_1_181' title='bbox 378 2283 480 2342; x_wconf 84' lang='lat' dir='ltr'>caesa,</span> <span class='ocrx_word' id='word_1_182' title='bbox 498 2266 527 2324; x_wconf 93' lang='lat' dir='ltr'>iu</span> <span class='ocrx_word' id='word_1_183' title='bbox 545 2264 644 2324; x_wconf 89' lang='lat' dir='ltr'>Dacos</span> <span class='ocrx_word' id='word_1_184' title='bbox 667 2262 754 2340; x_wconf 92' lang='lat' dir='ltr'>duas,</span> <span class='ocrx_word' id='word_1_185' title='bbox 770 2264 890 2342; x_wconf 86' lang='lat' dir='ltr'>primum</span> <span class='ocrx_word' id='word_1_186' title='bbox 912 2263 1021 2347; x_wconf 87' lang='lat' dir='ltr'>Oppio</span> <span class='ocrx_word' id='word_1_187' title='bbox 1038 2266 1086 2329; x_wconf 77' lang='lat' dir='ltr'>flu-</span> 
     </span>
     <span class='ocr_line' id='line_1_26' title="bbox 77 2346 1112 2431; baseline 0.009 -25"><span class='ocrx_word' id='word_1_188' title='bbox 77 2346 144 2407; x_wconf 91' lang='lat' dir='ltr'>bino</span> <span class='ocrx_word' id='word_1_189' title='bbox 164 2347 309 2407; x_wconf 85' lang='lat' dir='ltr'>consulari</span> <span class='ocrx_word' id='word_1_190' title='bbox 321 2366 484 2427; x_wconf 90' lang='lat' dir='ltr'>oppresso,</span> <span class='ocrx_word' id='word_1_191' title='bbox 508 2347 663 2409; x_wconf 88' lang='lat' dir='ltr'>secundam</span> <span class='ocrx_word' id='word_1_192' title='bbox 681 2346 820 2409; x_wconf 82' lang='lat' dir='ltr'>Cornelio</span> <span class='ocrx_word' id='word_1_193' title='bbox 832 2346 950 2427; x_wconf 81' lang='lat' dir='ltr'>Fusco,</span> <span class='ocrx_word' id='word_1_194' title='bbox 970 2350 1112 2431; x_wconf 78' lang='lat' dir='ltr'>praelo-tt</span> 
     </span>
     <span class='ocr_line' id='line_1_27' title="bbox 78 2430 1086 2511; baseline 0.006 -22"><span class='ocrx_word' id='word_1_195' title='bbox 78 2439 126 2491; x_wconf 90' lang='lat' dir='ltr'>eto</span> <span class='ocrx_word' id='word_1_196' title='bbox 144 2430 304 2491; x_wconf 80' lang='lat' dir='ltr'>cohortium</span> <span class='ocrx_word' id='word_1_197' title='bbox 323 2434 587 2511; x_wconf 87' lang='lat' dir='ltr'>praetorianarum,</span> <span class='ocrx_word' id='word_1_198' title='bbox 608 2433 654 2492; x_wconf 89' lang='lat' dir='ltr'>cui</span> <span class='ocrx_word' id='word_1_199' title='bbox 678 2432 749 2493; x_wconf 93' lang='lat' dir='ltr'>belli</span> <span class='ocrx_word' id='word_1_200' title='bbox 774 2449 912 2493; x_wconf 90' lang='lat' dir='ltr'>summam</span> <span class='ocrx_word' id='word_1_201' title='bbox 930 2437 1086 2497; x_wconf 88' lang='lat' dir='ltr'>commise-</span> 
     </span>
     <span class='ocr_line' id='line_1_28' title="bbox 77 2515 1086 2597; baseline 0.008 -23"><span class='ocrx_word' id='word_1_202' title='bbox 77 2524 130 2576; x_wconf 89' lang='lat' dir='ltr'>rat.</span> <span class='ocrx_word' id='word_1_203' title='bbox 158 2515 203 2575; x_wconf 91' lang='lat' dir='ltr'>De</span> <span class='ocrx_word' id='word_1_204' title='bbox 221 2515 331 2576; x_wconf 81' lang='lat' dir='ltr'>Catthis</span> <span class='ocrx_word' id='word_1_205' title='bbox 346 2515 493 2595; x_wconf 80' lang='lat' dir='ltr'>Decioque</span> <span class='ocrx_word' id='word_1_206' title='bbox 510 2527 577 2596; x_wconf 88' lang='lat' dir='ltr'>post</span> <span class='ocrx_word' id='word_1_207' title='bbox 593 2516 673 2577; x_wconf 85' lang='lat' dir='ltr'>varia</span> <span class='ocrx_word' id='word_1_208' title='bbox 690 2516 803 2595; x_wconf 90' lang='lat' dir='ltr'>proelia</span> <span class='ocrx_word' id='word_1_209' title='bbox 819 2516 971 2597; x_wconf 88' lang='lat' dir='ltr'>duplicem</span> <span class='ocrx_word' id='word_1_210' title='bbox 991 2520 1086 2581; x_wconf 84' lang='lat' dir='ltr'>trium</span> 
     </span>
     <span class='ocr_line' id='line_1_29' title="bbox 77 2598 1086 2682; baseline 0.006 -25"><span class='ocrx_word' id='word_1_211' title='bbox 77 2598 163 2677; x_wconf 90' lang='lat' dir='ltr'>pbnm</span> <span class='ocrx_word' id='word_1_212' title='bbox 187 2601 257 2677; x_wconf 85' lang='lat' dir='ltr'>egit.</span> <span class='ocrx_word' id='word_1_213' title='bbox 302 2598 347 2659; x_wconf 91' lang='lat' dir='ltr'>De</span> <span class='ocrx_word' id='word_1_214' title='bbox 377 2601 515 2661; x_wconf 89' lang='lat' dir='ltr'>Sarmatis</span> <span class='ocrx_word' id='word_1_215' title='bbox 544 2600 671 2661; x_wconf 90' lang='lat' dir='ltr'>lauream</span> <span class='ocrx_word' id='word_1_216' title='bbox 699 2600 785 2661; x_wconf 93' lang='lat' dir='ltr'>modo</span> <span class='ocrx_word' id='word_1_217' title='bbox 819 2599 993 2682; x_wconf 76' lang='lat' dir='ltr'>Capitolino</span> <span class='ocrx_word' id='word_1_218' title='bbox 1023 2602 1086 2665; x_wconf 86' lang='lat' dir='ltr'>lori</span> 
     </span>
     <span class='ocr_line' id='line_1_30' title="bbox 76 2683 196 2742; baseline 0.017 -2"><span class='ocrx_word' id='word_1_219' title='bbox 76 2683 196 2742; x_wconf 85' lang='lat' dir='ltr'>rettulit.</span> 
     </span>
    </p>

    <p class='ocr_par' dir='ltr' id='par_1_7' title="bbox 74 2765 1143 3525">
     <span class='ocr_line' id='line_1_31' title="bbox 136 2765 1113 2849; baseline 0.005 -25"><span class='ocrx_word' id='word_1_220' title='bbox 136 2765 248 2825; x_wconf 88' lang='lat' dir='ltr'>Bellum</span> <span class='ocrx_word' id='word_1_221' title='bbox 265 2766 350 2827; x_wconf 87' lang='lat' dir='ltr'>civile</span> <span class='ocrx_word' id='word_1_222' title='bbox 363 2776 470 2827; x_wconf 89' lang='lat' dir='ltr'>motum</span> <span class='ocrx_word' id='word_1_223' title='bbox 485 2767 545 2828; x_wconf 85' lang='lat' dir='ltr'>ah.</span> <span class='ocrx_word' id='word_1_224' title='bbox 563 2766 707 2846; x_wconf 80' lang='lat' dir='ltr'>Antonio,</span> <span class='ocrx_word' id='word_1_225' title='bbox 727 2769 887 2849; x_wconf 87' lang='lat' dir='ltr'>superioris</span> <span class='ocrx_word' id='word_1_226' title='bbox 910 2770 1113 2834; x_wconf 78' lang='lat' dir='ltr'>Germanicam</span> 
     </span>
     <span class='ocr_line' id='line_1_32' title="bbox 77 2849 1143 2934; baseline 0.008 -24"><span class='ocrx_word' id='word_1_227' title='bbox 77 2849 222 2929; x_wconf 84' lang='lat' dir='ltr'>praeside,</span> <span class='ocrx_word' id='word_1_228' title='bbox 241 2851 369 2912; x_wconf 83' lang='lat' dir='ltr'>coniecit</span> <span class='ocrx_word' id='word_1_229' title='bbox 385 2851 491 2912; x_wconf 80' lang='lat' dir='ltr'>absens</span> <span class='ocrx_word' id='word_1_230' title='bbox 507 2850 648 2912; x_wconf 82' lang='lat' dir='ltr'>felicitate</span> <span class='ocrx_word' id='word_1_231' title='bbox 663 2857 745 2930; x_wconf 86' lang='lat' dir='ltr'>mira,</span> <span class='ocrx_word' id='word_1_232' title='bbox 766 2872 829 2914; x_wconf 91' lang='lat' dir='ltr'>cnm</span> <span class='ocrx_word' id='word_1_233' title='bbox 846 2854 912 2934; x_wconf 89' lang='lat' dir='ltr'>ipsa</span> <span class='ocrx_word' id='word_1_234' title='bbox 923 2855 1086 2918; x_wconf 81' lang='lat' dir='ltr'>dimicatio</span> <span class='ocrx_word' id='word_1_235' title='bbox 1142 2893 1143 2898; x_wconf 21' lang='grc' dir='ltr'><strong>κ</strong></span> 
     </span>
     <span class='ocr_line' id='line_1_33' title="bbox 76 2933 1087 3015; baseline 0.01 -23"><span class='ocrx_word' id='word_1_236' title='bbox 76 2935 120 2994; x_wconf 91' lang='lat' dir='ltr'>nis</span> <span class='ocrx_word' id='word_1_237' title='bbox 139 2933 212 2994; x_wconf 90' lang='lat' dir='ltr'>hora</span> <span class='ocrx_word' id='word_1_238' title='bbox 232 2935 378 2996; x_wconf 89' lang='lat' dir='ltr'>resolutus</span> <span class='ocrx_word' id='word_1_239' title='bbox 396 2945 520 3015; x_wconf 89' lang='lat' dir='ltr'>repente</span> <span class='ocrx_word' id='word_1_240' title='bbox 537 2935 655 2997; x_wconf 89' lang='lat' dir='ltr'>Rhenus</span> <span class='ocrx_word' id='word_1_241' title='bbox 677 2940 848 2999; x_wconf 89' lang='lat' dir='ltr'>transituras</span> <span class='ocrx_word' id='word_1_242' title='bbox 871 2938 908 3000; x_wconf 94' lang='lat' dir='ltr'>ad</span> <span class='ocrx_word' id='word_1_243' title='bbox 925 2939 1087 3002; x_wconf 82' lang='lat' dir='ltr'>Antonium</span> 
     </span>
     <span class='ocr_line' id='line_1_34' title="bbox 76 3016 1087 3105; baseline 0.008 -27"><span class='ocrx_word' id='word_1_244' title='bbox 76 3018 178 3096; x_wconf 92' lang='lat' dir='ltr'>copias</span> <span class='ocrx_word' id='word_1_245' title='bbox 199 3016 387 3080; x_wconf 86' lang='lat' dir='ltr'>barbarorum</span> <span class='ocrx_word' id='word_1_246' title='bbox 404 3021 585 3082; x_wconf 88' lang='lat' dir='ltr'>inhibuisset.</span> <span class='ocrx_word' id='word_1_247' title='bbox 629 3020 674 3081; x_wconf 91' lang='lat' dir='ltr'>De</span> <span class='ocrx_word' id='word_1_248' title='bbox 697 3038 753 3100; x_wconf 94' lang='lat' dir='ltr'>qua</span> <span class='ocrx_word' id='word_1_249' title='bbox 778 3023 902 3084; x_wconf 85' lang='lat' dir='ltr'>victoria</span> <span class='ocrx_word' id='word_1_250' title='bbox 917 3026 1087 3105; x_wconf 75' lang='lat' dir='ltr'>praesagiis</span> 
     </span>
     <span class='ocr_line' id='line_1_35' title="bbox 76 3103 1087 3187; baseline 0.009 -25"><span class='ocrx_word' id='word_1_251' title='bbox 76 3103 156 3180; x_wconf 86' lang='lat' dir='ltr'>prius</span> <span class='ocrx_word' id='word_1_252' title='bbox 189 3121 271 3182; x_wconf 91' lang='lat' dir='ltr'>quam</span> <span class='ocrx_word' id='word_1_253' title='bbox 298 3107 402 3165; x_wconf 88' lang='lat' dir='ltr'>nuntiis</span> <span class='ocrx_word' id='word_1_254' title='bbox 427 3106 585 3186; x_wconf 88' lang='lat' dir='ltr'>comperit,</span> <span class='ocrx_word' id='word_1_255' title='bbox 615 3105 756 3185; x_wconf 89' lang='lat' dir='ltr'>siqnidem</span> <span class='ocrx_word' id='word_1_256' title='bbox 778 3109 844 3187; x_wconf 93' lang='lat' dir='ltr'>ipso</span> <span class='ocrx_word' id='word_1_257' title='bbox 879 3125 939 3187; x_wconf 95' lang='lat' dir='ltr'>quo</span> <span class='ocrx_word' id='word_1_258' title='bbox 969 3109 1087 3171; x_wconf 88' lang='lat' dir='ltr'>dimica·</span> 
     </span>
     <span class='ocr_line' id='line_1_36' title="bbox 75 3187 1115 3271; baseline 0.007 -27"><span class='ocrx_word' id='word_1_259' title='bbox 75 3193 133 3245; x_wconf 88' lang='lat' dir='ltr'>tum</span> <span class='ocrx_word' id='word_1_260' title='bbox 158 3197 220 3250; x_wconf 87' lang='lat' dir='ltr'>erat</span> <span class='ocrx_word' id='word_1_261' title='bbox 250 3187 296 3248; x_wconf 90' lang='lat' dir='ltr'>die</span> <span class='ocrx_word' id='word_1_262' title='bbox 317 3198 438 3250; x_wconf 90' lang='lat' dir='ltr'>statuam</span> <span class='ocrx_word' id='word_1_263' title='bbox 469 3192 532 3251; x_wconf 90' lang='lat' dir='ltr'>eins</span> <span class='ocrx_word' id='word_1_264' title='bbox 553 3191 665 3250; x_wconf 87' lang='lat' dir='ltr'>Romae</span> <span class='ocrx_word' id='word_1_265' title='bbox 688 3190 811 3269; x_wconf 81' lang='lat' dir='ltr'>insignis</span> <span class='ocrx_word' id='word_1_266' title='bbox 834 3192 931 3271; x_wconf 88' lang='lat' dir='ltr'>aquila</span> <span class='ocrx_word' id='word_1_267' title='bbox 958 3196 1115 3256; x_wconf 79' lang='lat' dir='ltr'>circum-c</span> 
     </span>
     <span class='ocr_line' id='line_1_37' title="bbox 77 3269 1088 3359; baseline 0.012 -30"><span class='ocrx_word' id='word_1_268' title='bbox 77 3269 163 3347; x_wconf 82' lang='lat' dir='ltr'>plexa</span> <span class='ocrx_word' id='word_1_269' title='bbox 183 3275 277 3350; x_wconf 89' lang='lat' dir='ltr'>pinnis</span> <span class='ocrx_word' id='word_1_270' title='bbox 293 3273 449 3351; x_wconf 79' lang='lat' dir='ltr'>clangores</span> <span class='ocrx_word' id='word_1_271' title='bbox 467 3275 642 3335; x_wconf 88' lang='lat' dir='ltr'>laetissimos</span> <span class='ocrx_word' id='word_1_272' title='bbox 656 3275 760 3345; x_wconf 85' lang='lat' dir='ltr'>edidit;</span> <span class='ocrx_word' id='word_1_273' title='bbox 777 3276 925 3356; x_wconf 89' lang='lat' dir='ltr'>pauloque</span> <span class='ocrx_word' id='word_1_274' title='bbox 945 3286 1019 3359; x_wconf 87' lang='lat' dir='ltr'>post</span> <span class='ocrx_word' id='word_1_275' title='bbox 1038 3296 1088 3341; x_wconf 91' lang='lat' dir='ltr'>oe·</span> 
     </span>
     <span class='ocr_line' id='line_1_38' title="bbox 78 3352 1089 3446; baseline 0.018 -36"><span class='ocrx_word' id='word_1_276' title='bbox 78 3352 166 3415; x_wconf 88' lang='lat' dir='ltr'>cisum</span> <span class='ocrx_word' id='word_1_277' title='bbox 178 3358 332 3419; x_wconf 84' lang='lat' dir='ltr'>Antonium</span> <span class='ocrx_word' id='word_1_278' title='bbox 349 3359 422 3419; x_wconf 90' lang='lat' dir='ltr'>adeo</span> <span class='ocrx_word' id='word_1_279' title='bbox 435 3360 582 3436; x_wconf 80' lang='lat' dir='ltr'>vulgatum</span> <span class='ocrx_word' id='word_1_280' title='bbox 598 3369 652 3436; x_wconf 88' lang='lat' dir='ltr'>est,</span> <span class='ocrx_word' id='word_1_281' title='bbox 671 3368 702 3420; x_wconf 90' lang='lat' dir='ltr'>ut</span> <span class='ocrx_word' id='word_1_282' title='bbox 726 3369 812 3441; x_wconf 84' lang='lat' dir='ltr'>caput</span> <span class='ocrx_word' id='word_1_283' title='bbox 836 3379 957 3443; x_wconf 90' lang='lat' dir='ltr'>quoqne</span> <span class='ocrx_word' id='word_1_284' title='bbox 977 3363 1089 3446; x_wconf 86' lang='lat' dir='ltr'>adpor-</span> 
     </span>
     <span class='ocr_line' id='line_1_39' title="bbox 74 3441 809 3525; baseline 0.016 -29"><span class='ocrx_word' id='word_1_285' title='bbox 74 3441 162 3501; x_wconf 84' lang='lat' dir='ltr'>tatum</span> <span class='ocrx_word' id='word_1_286' title='bbox 176 3445 238 3503; x_wconf 92' lang='lat' dir='ltr'>eius</span> <span class='ocrx_word' id='word_1_287' title='bbox 260 3444 367 3506; x_wconf 86' lang='lat' dir='ltr'>vidisse</span> <span class='ocrx_word' id='word_1_288' title='bbox 387 3461 420 3503; x_wconf 91' lang='lat' dir='ltr'>se</span> <span class='ocrx_word' id='word_1_289' title='bbox 440 3443 574 3525; x_wconf 90' lang='lat' dir='ltr'>plerique</span> <span class='ocrx_word' id='word_1_290' title='bbox 592 3443 809 3508; x_wconf 88' lang='lat' dir='ltr'>contenderent.</span> 
     </span>
    </p>
   </div>
   <div class='ocr_carea' id='block_1_4' title="bbox 0 0 1148 3862">
    <p class='ocr_par' dir='ltr' id='par_1_8' title="bbox 0 0 1148 3862">
     <span class='ocr_line' id='line_1_40' title="bbox 0 0 1148 3862; baseline 0 1"><span class='ocrx_word' id='word_1_291' title='bbox 0 0 1148 3862; x_wconf 95' lang='lat' dir='ltr'> </span> 
     </span>
    </p>
   </div>
  </div>
 </body>
</html>
