2286 3862
265 179 326 242 1³6
353 188 384 237 c.
400 184 552 236 suuroru
570 182 698 243 russo.
713 181 761 229 na
777 181 862 229 vrrs
879 179 1080 233 cnussauns

265 346 370 410 deiude
390 342 523 405 libuisset
550 354 690 417 egressus
719 335 861 413 triclinio,
894 353 960 399 cum
989 336 1131 399 maxime

265 435 455 504 sevocasset,
486 423 573 503 paulo
591 430 659 501 post
677 419 845 482 recentibus
863 419 958 483 adhuc
978 420 1136 484 lasciviae

264 531 368 577 versus
388 511 436 572 vel
456 505 592 571 laudabat
610 505 717 605 palam.
720 503 769 564 vel
791 503 994 586 vituperabat,
1027 505 1141 586 slngul

264 617 332 661 rans
358 596 435 657 bona
457 591 570 653 malave
598 590 732 669 corporis
758 597 844 669 atque
869 587 1060 651 concubitus.
1122 599 1143 654 ι

264 682 425 746 absentium
440 676 605 737 maritorum
622 674 737 734 nomine
752 672 936 752 repudium
926 690 994 754 rpse
1007 674 1120 753 misit,

264 768 294 829 ln
309 776 376 828 acta
392 766 432 823 ita
448 758 563 821 reicrri

223 858 256 916 at
327 847 490 927 Nepotatus
511 840 670 922 sumptibus
693 844 816 902 omniurn
837 841 1064 921 prodigorum
1053 862 1136 923 ruge

264 934 355 1009 ravit,
386 935 565 990 commentus
585 943 690 987 novum
709 923 876 987 balnearum
897 944 993 1004 ιιιιιιιι,
1023 936 1139 1008 porte

263 1034 374 1097 genera
397 1012 527 1075 ciborum
549 1019 635 1090 atquc
658 1026 828 1109 caeparum,
856 1019 886 1072 ut
907 1010 1009 1073 calidis
1029 1011 1123 1091 frigi

263 1097 579 1259 titillatu.
596 1092 1128 1244 tilisinutilitati.

264 1202 321 1331 dds
336 1202 426 1347 dddcdi
446 1262 598 1326 homirnam
619 1279 688 1323 ease
702 1197 848 1341 oporderc
863 1263 997 1325 diotimus
1018 1271 1084 1328 aas
1108 1240 1143 1318 td

264 1353 339 1431 Quin
361 1360 391 1412 ct
412 1364 543 1410 nummos
565 1365 623 1408 nou
642 1346 799 1409 mediocris
814 1365 939 1410 summae
958 1365 976 1409 c
996 1347 1130 1429 fastigio

262 1436 353 1499 lullae
371 1453 425 1515 per
440 1433 549 1513 aliquot
571 1431 634 1493 dics
656 1433 788 1511 sparsit
779 1450 808 1493 ιιι
826 1432 952 1512 plebem.
995 1431 1135 1497 Fabrica

264 1522 340 1582 ceris
363 1517 532 1581 liburnicas
560 1517 712 1596 gemmatis
736 1517 896 1598 puppibus,
928 1518 1136 1581 versicolorib

263 1623 368 1684 magna
403 1602 577 1664 thermarum
614 1610 643 1662 et
672 1602 833 1681 porticuum
871 1610 901 1662 et
931 1601 1135 1665 tricliniorum

263 1707 426 1769 magnaque
453 1687 539 1748 etiam
557 1686 656 1747 vitium
686 1694 716 1747 ct
733 1686 938 1765 pomiferarum
960 1685 1100 1748 arborum
1139 1714 1141 1720 >

265 1773 366 1853 quibus
383 1769 567 1833 discumbens
584 1770 620 1831 de
639 1769 686 1830 die
703 1771 778 1829 inter
793 1769 902 1832 choros
922 1787 959 1832 ac
983 1770 1129 1853 sympho

264 1855 439 1937 Campaniae
465 1863 648 1935 peragraret
691 1852 725 1915 ln
748 1853 978 1917 extructionibus
998 1856 1140 1936 praetori

264 1960 321 2020 qne
346 1939 495 2017 villarum,
527 1938 605 1999 omui
630 1939 744 2000 rationo
772 1938 952 2020 posthabita,
976 1938 1048 2002 nihil
1069 1948 1135 2002 tam

264 2022 493 2103 concupiscebat
516 2040 600 2102 quarn
615 2022 693 2102 quod
709 2039 799 2102 possa
815 2024 893 2085 ellici
908 2032 1077 2102 negaretur.
1139 2033 1143 2077 i

263 2109 360 2188 itaque
385 2107 477 2169 moles
503 2107 610 2168 infesto
638 2124 672 2167 ao
694 2107 839 2187 profundo
862 2109 949 2185 mari,
981 2117 1011 2170 et
1034 2109 1136 2169 excis

264 2191 405 2253 durissimi
420 2191 525 2269 silicis,
548 2200 578 2252 et
594 2192 688 2272 campi
703 2191 847 2254 montibus
859 2209 972 2271 aggere
990 2194 1127 2272 aequati,

263 2276 378 2357 planata
391 2275 515 2338 fossuris
534 2277 671 2336 montium
685 2277 768 2355 iuga,
794 2276 956 2338 incredibili
976 2275 1093 2357 quidem
1111 2294 1143 2338 c

262 2378 327 2422 curu
341 2379 440 2423 morae
457 2359 543 2440 culpa
557 2361 652 2441 capite
675 2359 814 2422 lucretur.
848 2360 894 2422 Ac
909 2379 946 2422 ne
962 2358 1078 2440 singula
1097 2378 1140 2424 en

261 2445 415 2507 immensas
445 2462 535 2525 opes,
571 2453 720 2524 totumquo
756 2443 828 2505 illud
863 2445 907 2509 Ti.
939 2442 1078 2508 Caesaris
1128 2474 1130 2479 ·

262 2530 374 2611 septies
388 2528 482 2589 milies
498 2530 662 2589 sestertium
677 2545 736 2589 uon
751 2537 814 2590 toto
830 2538 962 2591 vertente
980 2545 1054 2591 anno
1073 2528 1130 2591 abs

219 2617 255 2676 db
323 2613 489 2675 Exhaustus
509 2613 597 2691 igitur
612 2621 709 2713 atque
726 2631 820 2691 egens
841 2612 877 2674 ad
898 2614 1016 2695 rapinas
1042 2631 1143 2676 conv

260 2716 352 2774 mum,
384 2699 463 2758 vario
485 2706 514 2758 et
532 2696 757 2777 exquisitissimo
782 2697 985 2760 calumniarum
1008 2704 1038 2758 et
1057 2697 1140 2759 aucti

259 2780 446 2858 vectigalium
463 2799 586 2859 genere.
619 2779 785 2859 Negabat
776 2800 839 2842 raro
857 2782 1002 2845 civitatem
1015 2781 1142 2844 Roman

260 2882 333 2945 pare
354 2881 423 2939 eos,
453 2883 574 2963 quorum
593 2865 718 2927 maiores
739 2865 795 2926 sibi
816 2868 1005 2946 posterisque
1034 2884 1099 2928 earu
1120 2866 1143 2927 i·

261 2954 340 3024 sent,
368 2947 463 3006 nisisi
482 2950 533 3011 lilii
554 2960 669 3027 essent,
701 2968 796 3030 neque
821 2952 896 3011 enim
916 2949 1049 3028 intellegi
1071 2948 1143 3011 deb

127 3028 142 3036 “
261 3041 389 3093 steros
417 3029 492 3092 ultra
516 3032 591 3095 hunc
620 2995 756 3112 grddum3
788 3034 961 3114 prolataque
989 3034 1132 3095 Diuorum

260 3115 385 3220 Augusti
400 3112 556 3193 diplomata
574 3127 604 3178 ut
621 3128 723 3180 vetera
739 3128 769 3180 et
786 3117 921 3180 obsoleta
936 3117 1072 3180 dedebat.
1130 3149 1132 3155 ·

261 3209 291 3260 et
311 3190 467 3279 pierpcram
492 3199 586 3260 editos
608 3221 732 3281 census,
763 3203 866 3282 quihus
892 3213 998 3282 postea
1025 3219 1100 3281 quac
1129 3230 1142 3255 o

262 3302 348 3344 causa
373 3285 523 3364 quicquam
545 3285 714 3347 incrementi
736 3289 921 3348 accessisset.
966 3286 1143 3348 sacramen

261 3368 410 3447 pilariurn,
432 3369 479 3447 qui
503 3368 539 3429 ab
556 3369 635 3428 initio
652 3367 751 3430 'liberi
770 3372 949 3450 principatus
967 3389 1062 3450 neque
1078 3370 1112 3431 ill
1141 3400 1143 3425 ι

260 3469 295 3511 se
309 3451 446 3512 heredem
466 3452 669 3534 reliquissent,
701 3462 730 3514 ut
751 3455 867 3532 ingrata
889 3456 1024 3526 rescidit;
1055 3457 1125 3516 item
