2334 3870
479 223 686 271 Pnnnnnulo.
890 221 1029 272 LXXXIII

124 388 242 458 singulis
263 385 359 443 verbis
376 383 422 439 vel
443 383 478 436 de
501 383 632 439 universo
653 398 759 453 genere
782 381 909 438 iudicare
934 382 1024 440 liccat,

126 470 318 542 Distinguendi
335 467 409 523 enim
429 467 542 521 suntab
562 464 679 536 integris
702 464 783 522 libris
799 483 869 538 quos
891 465 1025 538 impressa

125 555 251 626 exemplu
271 552 397 608 referunt
414 549 435 603 ii
456 549 585 618 codices,
609 549 656 620 qui
677 549 795 622 amplius
817 550 931 605 dimidia
947 556 1027 621 parta

124 639 272 694 breviores
292 640 370 703 sunt,
385 631 537 687 Parisinum
552 633 615 688 dico
630 636 710 702 7977,
724 636 912 703 bonnensem,
932 633 1027 688 Mona-

124 737 253 788 censem,
276 710 492 791 Vaticanum⁷²).
534 716 558 770 li
582 715 654 769 enim
676 717 743 772 libri
764 719 848 777 dedi)
866 715 1028 786 versiculis,

125 821 197 874 quos
216 804 361 858 innostro
383 800 511 872 exemplo
528 796 638 854 Horatii
660 798 717 854 vita
739 801 947 871 compleamur,
972 815 1027 856 non

128 888 191 959 plns
209 903 289 957 quum
304 892 340 944 30
357 889 551 953 servaverunt,
576 881 709 939 excidere
724 883 801 953 passi
817 884 949 957 verbap.
964 889 1027 953 297,

127 978 160 1029 15
177 970 316 1040 Λαμπείας
332 975 360 1023 et
379 985 452 1038 quae
467 974 621 1040 sequuntur
636 982 724 1036 usque
741 966 776 1021 ad
790 983 818 1038 p.
835 970 896 1036 298,
913 975 944 1024 11
963 968 1029 1023 Oce-

123 1069 181 1118 εαν,
198 1059 253 1109 tum
268 1059 303 1112 23
318 1052 466 1122 domusque
480 1082 523 1092 —
536 1056 570 1110 27
588 1050 735 1115 tenebatur,
757 1055 900 1121 postremo
916 1057 950 1109 30
967 1055 1031 1120 post

125 1167 167 1177 -
183 1144 218 1197 33
232 1137 348 1193 tabulae.
393 1136 458 1191 Tam
481 1137 594 1192 brevem
611 1133 720 1190 Horatii
737 1134 822 1189 vitam
839 1133 960 1190 sortasse
978 1133 1028 1188 ali-

126 1221 188 1293 quis
216 1220 463 1293 interpolationem
483 1220 652 1290 quarundam
675 1234 779 1274 memor
810 1217 1029 1289 antiquissimam

125 1312 154 1360 et
176 1305 323 1374 genuinam
342 1309 436 1374 putet:
461 1320 557 1358 verum
578 1303 602 1358 si
627 1303 758 1372 proprius
779 1320 837 1357 ram
861 1302 1028 1375 inspexerit,

126 1387 229 1442 omissa
244 1386 436 1456 deprehendet
451 1401 484 1438 ea
500 1402 571 1454 quae
588 1385 707 1439 omnium
721 1384 830 1439 minima
845 1387 946 1440 abesse
961 1402 1028 1455 pozz-

129 1463 243 1542 sunt⁷³),
260 1473 357 1522 eontra
373 1472 504 1536 suspecta
522 1466 615 1520 omnia
630 1466 807 1519 tenacissime
823 1474 945 1520 servata.
973 1468 1029 1520 lta-

128 1568 182 1622 que
202 1568 235 1606 aa
256 1549 380 1605 brevitas
404 1547 522 1603 librario
537 1546 622 1604 alicui
639 1546 771 1615 debetur,
795 1546 841 1616 qui
862 1546 954 1601 inutili
974 1548 1030 1600 sci·
1074 1612 1076 1615 ¹

127 1637 195 1691 licet
218 1635 369 1691 verborum
395 1631 553 1704 prolixitati
573 1629 725 1687 omittendo
746 1629 909 1686 medendum
931 1628 1030 1684 existi·

127 1710 235 1775 mavit'

191 1803 350 1872 Sequuntur
367 1818 399 1856 ea
417 1801 495 1869 loca,
513 1816 583 1870 quaa
599 1798 627 1855 in
641 1799 722 1854 libris
740 1798 829 1853 minus
846 1799 918 1853 bane
933 1815 964 1853 se
980 1799 1030 1855 ba-

127 1889 194 1942 bere
211 1886 272 1940 visa
295 1890 366 1938 sunt.

129 2031 195 2081 1701
216 2029 321 2079 Carolus
338 2031 387 2079 Fen
406 2032 526 2080 nonnulla
547 2031 660 2097 protulit.
680 2057 714 2066 -—
733 2030 789 2080 Non
805 2033 936 2080 numeravi
954 2033 1030 2082 colle-

128 2099 165 2162 gii
182 2096 371 2146 Gemblacensis
387 2099 499 2147 codicem
516 2098 737 2162 antiquissimum,
761 2098 786 2146 in
807 2114 856 2162 quo
875 2099 1030 2152 Pulmannus

128 2165 235 2216 eandem
250 2164 329 2212 vitam
347 2166 472 2231 reperisse
489 2181 517 2216 se
534 2166 577 2216 ait.

197 2230 243 2295 72)
261 2231 328 2281 Haec
343 2234 379 2283 itu
396 2234 472 2299 plane
489 2235 526 2284 uti
542 2236 671 2299 perscribo
687 2236 714 2284 in
726 2235 841 2285 Parisino
859 2236 921 2287 libro
939 2252 967 2287 se
984 2236 1031 2287 ba·

127 2307 187 2355 bere
214 2303 285 2352 scito.
323 2302 387 2352 Nam
412 2302 444 2352 de
467 2303 572 2366 reliquis
595 2319 636 2352 res
660 2305 738 2370 paulo
760 2303 890 2354 obscurior
917 2311 962 2354 est.
1002 2307 1030 2355 ln

127 2370 256 2423 Bonnensi
272 2386 366 2437 magna
383 2372 427 2420 illa
441 2372 532 2421 lacuna
544 2371 646 2424 omnino
666 2372 753 2422 eadem
772 2372 904 2431 indicatur,
923 2372 971 2422 sed
986 2389 1030 2422 ax—

127 2451 207 2492 tremn
222 2440 282 2488 inde
300 2455 315 2488 e
332 2441 453 2490 vocabulo
479 2442 613 2506 domusque
629 2456 710 2506 panea
731 2440 775 2490 illa
797 2448 822 2491 et
843 2454 917 2490 erasa
940 2440 1031 2492 abessa

128 2509 212 2560 omnin
233 2507 358 2560 dicuntur.
395 2511 424 2558 ln
443 2509 587 2560 Monacensi
610 2509 673 2561 libro
696 2509 822 2561 ‘delicere
842 2508 952 2559 mediam
974 2509 1029 2560 fere

126 2575 238 2644 partem'
253 2576 375 2628 Kirchner
388 2593 414 2643 p.
430 2577 464 2628 43
479 2586 584 2629 testatus
601 2586 646 2628 est.
682 2580 719 2630 De
734 2577 852 2628 Vaticani
867 2577 964 2629 lacunis
977 2577 1028 2629 Fen

126 2646 189 2697 nihil
207 2645 323 2707 tradidit,
349 2649 462 2698 sedtum
486 2647 576 2697 abstoe
599 2662 631 2696 ex
655 2656 728 2713 porte
749 2647 885 2712 superstite
908 2647 1028 2699 baianas

127 2730 202 2779 quam
215 2729 265 2765 non
280 2715 369 2765 nllntee
387 2716 414 2765 in
429 2717 544 2781 partibus
558 2717 704 2781 interceptis
723 2716 790 2777 (sina
808 2725 909 2765 auctore
927 2732 953 2783 p.
965 2717 1027 2776 297,

126 2787 160 2834 24
175 2787 291 2848 inperare
306 2784 607 2848 commemoravitRitter)
624 2800 680 2833 eum
699 2784 791 2834 librum
806 2783 927 2835 mutilatis
938 2800 1027 2836 uccen-

127 2853 234 2903 sendum
251 2869 308 2902 esse
324 2862 442 2920 arguunt.

194 2919 242 2982 73)
266 2921 330 2970 Nam
348 2937 435 2973 eorum
453 2936 518 2986 quae
538 2923 565 2970 in
588 2923 669 2986 prime
689 2923 779 2972 lacuna
796 2921 944 2974 exciderunt
962 2922 1027 2988 (non

127 2988 285 3052 improbante
302 2990 408 3048 Crinito,
432 2989 477 3039 cir.
499 2991 584 3040 adnot.
603 2988 659 3054 68.)
679 2990 815 3040 Horatiana
838 2991 933 3041 scholis
949 3007 1028 3058 snpra

126 3072 153 3122 p,
172 3056 235 3116 296,
263 3056 296 3108 35
321 3066 345 3106 et
373 3058 407 3109 39
433 3059 472 3109 bis
490 3059 638 3109 nominatim
656 3059 809 3109 mentionem
835 3059 956 3112 lecerunt.
992 3060 1030 3110 Na

126 3132 272 3191 postremus
291 3127 391 3190 quidem
408 3127 478 3177 loeus
499 3127 663 3192 excipiendus
679 3136 733 3188 est,
755 3128 795 3178 oui
817 3143 868 3178 non
893 3128 1031 3180 omissione

125 3194 172 3244 sed
194 3195 369 3245 emendatione
389 3196 589 3246 subveniendum
607 3211 664 3246 esse
682 3196 775 3248 iudico.
813 3198 940 3248 Vitiosum
963 3198 1030 3248 enim

125 3263 189 3312 illud
203 3279 291 3314 nonum
310 3265 407 3316 scribae
424 3278 475 3314 non
491 3264 610 3315 Suetonio
626 3265 731 3332 imputo,
751 3281 808 3316 cnm
826 3275 850 3316 et
862 3266 1031 3330 Hieronymus

125 3333 214 3382 LVII
228 3342 296 3384 recte
313 3336 404 3384 babent
419 3341 443 3383 et
458 3334 485 3384 in
501 3333 552 3383 alia
561 3334 658 3384 Horatii
674 3335 734 3400 vita,
755 3351 819 3400 quae
833 3351 864 3385 ex
877 3334 1030 3386 Suetonlana

123 3410 246 3467 excerpta
271 3410 310 3454 est
336 3403 476 3468 (Kirchner
500 3418 559 3454 nov.
586 3411 684 3468 quaest.
713 3419 741 3469 p.
771 3405 821 3471 44)
850 3407 1030 3470 septuupcsimu

127 3475 265 3533 septimo
281 3474 401 3538 scriptum
416 3472 458 3526 sit.

782 3543 816 3598 f*
