<?xml version="1.0" encoding="UTF-8"?>
<!DOCTYPE html PUBLIC "-//W3C//DTD XHTML 1.0 Transitional//EN"
    "http://www.w3.org/TR/xhtml1/DTD/xhtml1-transitional.dtd">
<html xmlns="http://www.w3.org/1999/xhtml" xml:lang="en" lang="en">
 <head>
  <title>
</title>
<meta http-equiv="Content-Type" content="text/html;charset=utf-8" />
  <meta name='ocr-system' content='tesseract 3.04.00' />
  <meta name='ocr-capabilities' content='ocr_page ocr_carea ocr_par ocr_line ocrx_word'/>
</head>
<body>
  <div class='ocr_page' id='page_1' title='image "./csuetonitranqui00trangoog_0072.png"; bbox 0 0 2334 3870; ppageno 0'>
   <div class='ocr_carea' id='block_1_1' title="bbox 420 234 979 284">
    <p class='ocr_par' dir='ltr' id='par_1_1' title="bbox 420 234 979 284">
     <span class='ocr_line' id='line_1_1' title="bbox 420 234 979 284; baseline 0.007 -4"><span class='ocrx_word' id='word_1_1' title='bbox 420 234 627 282; x_wconf 77' lang='lat' dir='ltr'><strong>PRAEFATIO·</strong></span> <span class='ocrx_word' id='word_1_2' title='bbox 905 236 979 284; x_wconf 69' lang='lat' dir='ltr'><strong><em>bxv</em></strong></span> 
     </span>
    </p>
   </div>
   <div class='ocr_carea' id='block_1_2' title="bbox 66 387 974 639">
    <p class='ocr_par' dir='ltr' id='par_1_2' title="bbox 66 387 974 639">
     <span class='ocr_line' id='line_1_2' title="bbox 129 387 974 469; baseline -0.001 -16"><span class='ocrx_word' id='word_1_3' title='bbox 129 398 254 469; x_wconf 88' lang='lat' dir='ltr'><strong><em>Denique</em></strong></span> <span class='ocrx_word' id='word_1_4' title='bbox 269 392 531 452; x_wconf 85' lang='lat' dir='ltr'><strong><em>beneficioGudiani</em></strong></span> <span class='ocrx_word' id='word_1_5' title='bbox 546 387 664 466; x_wconf 89' lang='lat' dir='ltr'><strong><em>codicis,</em></strong></span> <span class='ocrx_word' id='word_1_6' title='bbox 681 400 709 449; x_wconf 92' lang='lat' dir='ltr'><strong><em>et</em></strong></span> <span class='ocrx_word' id='word_1_7' title='bbox 721 395 820 467; x_wconf 91' lang='lat' dir='ltr'><strong><em>optimi</em></strong></span> <span class='ocrx_word' id='word_1_8' title='bbox 836 400 863 449; x_wconf 87' lang='lat' dir='ltr'><strong><em>et</em></strong></span> <span class='ocrx_word' id='word_1_9' title='bbox 874 397 974 452; x_wconf 82' lang='lat' dir='ltr'><strong><em>abice-</em></strong></span> 
     </span>
     <span class='ocr_line' id='line_1_3' title="bbox 66 477 973 551; baseline -0.002 -12"><span class='ocrx_word' id='word_1_10' title='bbox 66 483 113 539; x_wconf 93' lang='lat' dir='ltr'><strong><em>bio</em></strong></span> <span class='ocrx_word' id='word_1_11' title='bbox 130 478 338 538; x_wconf 88' lang='lat' dir='ltr'><strong><em>accuratissime</em></strong></span> <span class='ocrx_word' id='word_1_12' title='bbox 355 477 461 548; x_wconf 86' lang='lat' dir='ltr'><strong><em>collati,</em></strong></span> <span class='ocrx_word' id='word_1_13' title='bbox 477 479 577 535; x_wconf 85' lang='lat' dir='ltr'><strong><em>iactum</em></strong></span> <span class='ocrx_word' id='word_1_14' title='bbox 589 485 632 536; x_wconf 91' lang='lat' dir='ltr'><strong><em>est</em></strong></span> <span class='ocrx_word' id='word_1_15' title='bbox 649 486 679 535; x_wconf 92' lang='lat' dir='ltr'><strong><em>ut</em></strong></span> <span class='ocrx_word' id='word_1_16' title='bbox 694 480 912 551; x_wconf 77' lang='lat' dir='ltr'><strong>orthographica</strong></span> <span class='ocrx_word' id='word_1_17' title='bbox 927 498 973 538; x_wconf 90' lang='lat' dir='ltr'><strong><em>ra-</em></strong></span> 
     </span>
     <span class='ocr_line' id='line_1_4' title="bbox 66 560 973 639; baseline 0 -18"><span class='ocrx_word' id='word_1_18' title='bbox 66 568 105 623; x_wconf 93' lang='lat' dir='ltr'><strong><em>tio</em></strong></span> <span class='ocrx_word' id='word_1_19' title='bbox 120 568 204 639; x_wconf 88' lang='lat' dir='ltr'><strong><em>paulo</em></strong></span> <span class='ocrx_word' id='word_1_20' title='bbox 218 560 382 634; x_wconf 81' lang='lat' dir='ltr'><strong><em>diligentius</em></strong></span> <span class='ocrx_word' id='word_1_21' title='bbox 395 578 474 631; x_wconf 89' lang='lat' dir='ltr'><strong><em>quam</em></strong></span> <span class='ocrx_word' id='word_1_22' title='bbox 489 564 578 618; x_wconf 88' lang='lat' dir='ltr'><strong><em>adhuc</em></strong></span> <span class='ocrx_word' id='word_1_23' title='bbox 595 565 695 621; x_wconf 85' lang='lat' dir='ltr'><strong><em>iactum</em></strong></span> <span class='ocrx_word' id='word_1_24' title='bbox 707 570 768 620; x_wconf 87' lang='lat' dir='ltr'><strong><em>erat</em></strong></span> <span class='ocrx_word' id='word_1_25' title='bbox 781 562 890 619; x_wconf 92' lang='lat' dir='ltr'><strong><em>institui</em></strong></span> <span class='ocrx_word' id='word_1_26' title='bbox 906 580 973 636; x_wconf 91' lang='lat' dir='ltr'><strong><em>pos-</em></strong></span> 
     </span>
    </p>
   </div>
   <div class='ocr_carea' id='block_1_3' title="bbox 62 643 1121 2650">
    <p class='ocr_par' dir='ltr' id='par_1_3' title="bbox 63 643 974 1138">
     <span class='ocr_line' id='line_1_5' title="bbox 64 643 974 723; baseline -0.003 -16"><span class='ocrx_word' id='word_1_27' title='bbox 64 657 115 708; x_wconf 88' lang='lat' dir='ltr'><strong><em>set.</em></strong></span> <span class='ocrx_word' id='word_1_28' title='bbox 148 651 214 705; x_wconf 89' lang='lat' dir='ltr'><strong><em>Eius</em></strong></span> <span class='ocrx_word' id='word_1_29' title='bbox 227 647 300 704; x_wconf 92' lang='lat' dir='ltr'><strong><em>enim</em></strong></span> <span class='ocrx_word' id='word_1_30' title='bbox 315 645 481 701; x_wconf 87' lang='lat' dir='ltr'><strong><em>auctoritate</em></strong></span> <span class='ocrx_word' id='word_1_31' title='bbox 491 647 583 716; x_wconf 85' lang='lat' dir='ltr'><strong><em>Nicia,</em></strong></span> <span class='ocrx_word' id='word_1_32' title='bbox 598 647 760 718; x_wconf 73' lang='lat' dir='ltr'><strong><em>Crassicius,</em></strong></span> <span class='ocrx_word' id='word_1_33' title='bbox 774 646 894 704; x_wconf 87' lang='lat' dir='ltr'><strong><em>Porcius</em></strong></span> <span class='ocrx_word' id='word_1_34' title='bbox 910 643 974 723; x_wconf 84' lang='lat' dir='ltr'><strong><em>(ad-</em></strong></span> 
     </span>
     <span class='ocr_line' id='line_1_6' title="bbox 64 725 974 804; baseline -0.004 -13"><span class='ocrx_word' id='word_1_35' title='bbox 64 736 172 791; x_wconf 92' lang='lat' dir='ltr'><strong><em>dendus</em></strong></span> <span class='ocrx_word' id='word_1_36' title='bbox 200 732 252 786; x_wconf 86' lang='lat' dir='ltr'><strong><em>iuit</em></strong></span> <span class='ocrx_word' id='word_1_37' title='bbox 271 725 420 803; x_wconf 76' lang='lat' dir='ltr'><strong><em>Albucius)</em></strong></span> <span class='ocrx_word' id='word_1_38' title='bbox 448 729 595 799; x_wconf 84' lang='lat' dir='ltr'><strong><em>clittera,</em></strong></span> <span class='ocrx_word' id='word_1_39' title='bbox 623 736 679 786; x_wconf 90' lang='lat' dir='ltr'><strong><em>tum</em></strong></span> <span class='ocrx_word' id='word_1_40' title='bbox 699 733 827 804; x_wconf 74' lang='lat' dir='ltr'><strong><em>Dionysi,</em></strong></span> <span class='ocrx_word' id='word_1_41' title='bbox 850 733 974 803; x_wconf 80' lang='lat' dir='ltr'><strong><em>Pompei,</em></strong></span> 
     </span>
     <span class='ocr_line' id='line_1_7' title="bbox 64 813 973 890; baseline -0.001 -18"><span class='ocrx_word' id='word_1_42' title='bbox 64 818 197 885; x_wconf 84' lang='lat' dir='ltr'><strong><em>venatici,</em></strong></span> <span class='ocrx_word' id='word_1_43' title='bbox 218 813 379 884; x_wconf 80' lang='lat' dir='ltr'><strong><em>Brundusi,</em></strong></span> <span class='ocrx_word' id='word_1_44' title='bbox 403 813 485 870; x_wconf 90' lang='lat' dir='ltr'><strong><em>etium</em></strong></span> <span class='ocrx_word' id='word_1_45' title='bbox 501 815 600 883; x_wconf 84' lang='lat' dir='ltr'><strong><em>repetit</em></strong></span> <span class='ocrx_word' id='word_1_46' title='bbox 622 831 651 885; x_wconf 92' lang='lat' dir='ltr'><strong><em>p.</em></strong></span> <span class='ocrx_word' id='word_1_47' title='bbox 667 820 735 884; x_wconf 85' lang='grc'><strong>260,</strong></span> <span class='ocrx_word' id='word_1_48' title='bbox 760 822 795 875; x_wconf 83' lang='grc'><strong><em>38</em></strong></span> <span class='ocrx_word' id='word_1_49' title='bbox 812 816 933 890; x_wconf 75' lang='lat' dir='ltr'><strong><em>simplici</em></strong></span> <span class='ocrx_word' id='word_1_50' title='bbox 955 819 973 885; x_wconf 93' lang='lat' dir='ltr'><strong><em>i,</em></strong></span> 
     </span>
     <span class='ocr_line' id='line_1_8' title="bbox 66 889 972 972; baseline 0 -16"><span class='ocrx_word' id='word_1_51' title='bbox 66 900 168 956; x_wconf 92' lang='lat' dir='ltr'><strong><em>deiude</em></strong></span> <span class='ocrx_word' id='word_1_52' title='bbox 189 891 411 972; x_wconf 80' lang='lat' dir='ltr'><strong><em>praenomina⁴⁷)</em></strong></span> <span class='ocrx_word' id='word_1_53' title='bbox 430 904 457 953; x_wconf 89' lang='lat' dir='ltr'><strong><em>et</em></strong></span> <span class='ocrx_word' id='word_1_54' title='bbox 477 889 630 954; x_wconf 88' lang='lat' dir='ltr'><strong><em>numeralia</em></strong></span> <span class='ocrx_word' id='word_1_55' title='bbox 653 899 699 954; x_wconf 86' lang='lat' dir='ltr'><strong><em>vel</em></strong></span> <span class='ocrx_word' id='word_1_56' title='bbox 724 898 848 955; x_wconf 91' lang='lat' dir='ltr'><strong><em>omnibus</em></strong></span> <span class='ocrx_word' id='word_1_57' title='bbox 869 900 972 956; x_wconf 90' lang='lat' dir='ltr'><strong><em>litteris</em></strong></span> 
     </span>
     <span class='ocr_line' id='line_1_9' title="bbox 64 977 973 1055; baseline 0 -17"><span class='ocrx_word' id='word_1_58' title='bbox 64 985 109 1039; x_wconf 88' lang='lat' dir='ltr'><strong><em>vel</em></strong></span> <span class='ocrx_word' id='word_1_59' title='bbox 129 977 314 1055; x_wconf 82' lang='lat' dir='ltr'><strong><em>compendiis,</em></strong></span> <span class='ocrx_word' id='word_1_60' title='bbox 329 989 471 1053; x_wconf 93' lang='lat' dir='ltr'><strong><em>postremo</em></strong></span> <span class='ocrx_word' id='word_1_61' title='bbox 487 989 592 1051; x_wconf 81' lang='lat' dir='ltr'><strong><em>auctor,</em></strong></span> <span class='ocrx_word' id='word_1_62' title='bbox 611 984 704 1052; x_wconf 86' lang='lat' dir='ltr'><strong><em>ceteri,</em></strong></span> <span class='ocrx_word' id='word_1_63' title='bbox 721 995 816 1048; x_wconf 87' lang='lat' dir='ltr'><strong><em>causa,</em></strong></span> <span class='ocrx_word' id='word_1_64' title='bbox 833 985 917 1053; x_wconf 86' lang='lat' dir='ltr'><strong><em>milia,</em></strong></span> <span class='ocrx_word' id='word_1_65' title='bbox 931 985 973 1038; x_wconf 88' lang='lat' dir='ltr'><strong><em>lit-</em></strong></span> 
     </span>
     <span class='ocr_line' id='line_1_10' title="bbox 63 1065 887 1138; baseline 0.001 -17"><span class='ocrx_word' id='word_1_66' title='bbox 63 1075 153 1137; x_wconf 86' lang='lat' dir='ltr'><strong><em>terae,</em></strong></span> <span class='ocrx_word' id='word_1_67' title='bbox 169 1083 310 1122; x_wconf 83' lang='lat' dir='ltr'><strong><em>nrrmmum</em></strong></span> <span class='ocrx_word' id='word_1_68' title='bbox 329 1072 356 1121; x_wconf 91' lang='lat' dir='ltr'><strong><em>et</em></strong></span> <span class='ocrx_word' id='word_1_69' title='bbox 370 1066 474 1123; x_wconf 79' lang='lat' dir='ltr'><strong><em>similia</em></strong></span> <span class='ocrx_word' id='word_1_70' title='bbox 489 1065 532 1121; x_wconf 90' lang='lat' dir='ltr'><strong><em>sic</em></strong></span> <span class='ocrx_word' id='word_1_71' title='bbox 548 1065 672 1123; x_wconf 79' lang='lat' dir='ltr'><strong><em>atrides</em></strong></span> <span class='ocrx_word' id='word_1_72' title='bbox 691 1065 798 1138; x_wconf 77' lang='lat' dir='ltr'><strong><em>scripio</em></strong></span> <span class='ocrx_word' id='word_1_73' title='bbox 814 1071 887 1122; x_wconf 90' lang='lat' dir='ltr'><strong><em>sunt.</em></strong></span> 
     </span>
    </p>

    <p class='ocr_par' dir='ltr' id='par_1_4' title="bbox 62 1151 1121 1977">
     <span class='ocr_line' id='line_1_11' title="bbox 128 1151 1121 1224; baseline -0.007 -16"><span class='ocrx_word' id='word_1_74' title='bbox 128 1152 256 1208; x_wconf 86' lang='lat' dir='ltr'><strong><em>Ceterum</em></strong></span> <span class='ocrx_word' id='word_1_75' title='bbox 274 1151 401 1222; x_wconf 80' lang='lat' dir='ltr'><strong><em>quaestio</em></strong></span> <span class='ocrx_word' id='word_1_76' title='bbox 423 1152 493 1206; x_wconf 88' lang='lat' dir='ltr'><strong><em>haec</em></strong></span> <span class='ocrx_word' id='word_1_77' title='bbox 509 1151 728 1223; x_wconf 83' lang='lat' dir='ltr'><strong><em>orthographica</em></strong></span> <span class='ocrx_word' id='word_1_78' title='bbox 746 1151 781 1206; x_wconf 87' lang='lat' dir='ltr'><strong><em>ad</em></strong></span> <span class='ocrx_word' id='word_1_79' title='bbox 797 1151 974 1224; x_wconf 86' lang='lat' dir='ltr'><strong><em>deperditum</em></strong></span> <span class='ocrx_word' id='word_1_80' title='bbox 995 1157 1121 1203; x_wconf 70' lang='lat' dir='ltr'><strong><em>neaustria-</em></strong></span> 
     </span>
     <span class='ocr_line' id='line_1_12' title="bbox 62 1211 1121 1308; baseline -0.001 -16"><span class='ocrx_word' id='word_1_81' title='bbox 62 1238 137 1293; x_wconf 88' lang='lat' dir='ltr'><strong><em>iilum</em></strong></span> <span class='ocrx_word' id='word_1_82' title='bbox 161 1237 287 1292; x_wconf 82' lang='lat' dir='ltr'><strong><em>codicem</em></strong></span> <span class='ocrx_word' id='word_1_83' title='bbox 301 1234 528 1304; x_wconf 86' lang='lat' dir='ltr'><strong><em>Henochianum,</em></strong></span> <span class='ocrx_word' id='word_1_84' title='bbox 547 1236 626 1292; x_wconf 90' lang='lat' dir='ltr'><strong><em>cuius</em></strong></span> <span class='ocrx_word' id='word_1_85' title='bbox 643 1237 778 1307; x_wconf 85' lang='lat' dir='ltr'><strong><em>quandam</em></strong></span> <span class='ocrx_word' id='word_1_86' title='bbox 796 1236 921 1308; x_wconf 90' lang='lat' dir='ltr'><strong><em>speciem</em></strong></span> <span class='ocrx_word' id='word_1_87' title='bbox 946 1242 973 1291; x_wconf 92' lang='lat' dir='ltr'><strong><em>et</em></strong></span> <span class='ocrx_word' id='word_1_88' title='bbox 995 1224 1037 1255; x_wconf 71' lang='lat'><strong>&#39;¹¹¹⁸</strong></span> <span class='ocrx_word' id='word_1_89' title='bbox 1054 1211 1121 1254; x_wconf 62' lang='lat' dir='ltr'><strong><em>mm*</em></strong></span> 
     </span>
     <span class='ocr_line' id='line_1_13' title="bbox 63 1319 968 1390; baseline -0.002 -13"><span class='ocrx_word' id='word_1_90' title='bbox 63 1321 242 1377; x_wconf 80' lang='lat' dir='ltr'><strong><em>adumbrasse</em></strong></span> <span class='ocrx_word' id='word_1_91' title='bbox 260 1325 288 1374; x_wconf 90' lang='lat' dir='ltr'><strong><em>et</em></strong></span> <span class='ocrx_word' id='word_1_92' title='bbox 302 1319 462 1375; x_wconf 75' lang='lat' dir='ltr'><strong><em>restituisse</em></strong></span> <span class='ocrx_word' id='word_1_93' title='bbox 477 1319 559 1374; x_wconf 91' lang='lat' dir='ltr'><strong><em>nobis</em></strong></span> <span class='ocrx_word' id='word_1_94' title='bbox 574 1320 711 1390; x_wconf 89' lang='lat' dir='ltr'><strong><em>videmur,</em></strong></span> <span class='ocrx_word' id='word_1_95' title='bbox 727 1321 888 1377; x_wconf 84' lang='lat' dir='ltr'><strong><em>revocanda</em></strong></span> <span class='ocrx_word' id='word_1_96' title='bbox 906 1320 968 1376; x_wconf 86' lang='lat' dir='ltr'><strong><em>erit.</em></strong></span> 
     </span>
     <span class='ocr_line' id='line_1_14' title="bbox 62 1402 972 1471; baseline 0.001 -13"><span class='ocrx_word' id='word_1_97' title='bbox 62 1406 105 1458; x_wconf 83' lang='lat' dir='ltr'><strong><em>Ac·</em></strong></span> <span class='ocrx_word' id='word_1_98' title='bbox 127 1405 251 1458; x_wconf 89' lang='lat' dir='ltr'><strong><em>sirecte</em></strong></span> <span class='ocrx_word' id='word_1_99' title='bbox 273 1402 440 1471; x_wconf 86' lang='lat' dir='ltr'><strong><em>disputatum</em></strong></span> <span class='ocrx_word' id='word_1_100' title='bbox 462 1408 521 1468; x_wconf 88' lang='lat' dir='ltr'><strong><em>est,</em></strong></span> <span class='ocrx_word' id='word_1_101' title='bbox 547 1403 674 1456; x_wconf 90' lang='lat' dir='ltr'><strong><em>codicum</em></strong></span> <span class='ocrx_word' id='word_1_102' title='bbox 694 1404 783 1458; x_wconf 90' lang='lat' dir='ltr'><strong><em>adhuc</em></strong></span> <span class='ocrx_word' id='word_1_103' title='bbox 806 1406 972 1461; x_wconf 88' lang='lat' dir='ltr'><strong><em>collatorum</em></strong></span> 
     </span>
     <span class='ocr_line' id='line_1_15' title="bbox 64 1482 973 1555; baseline -0.003 -13"><span class='ocrx_word' id='word_1_104' title='bbox 64 1485 185 1542; x_wconf 91' lang='lat' dir='ltr'><strong><em>omnium</em></strong></span> <span class='ocrx_word' id='word_1_105' title='bbox 200 1482 329 1555; x_wconf 84' lang='lat' dir='ltr'><strong><em>proxime</em></strong></span> <span class='ocrx_word' id='word_1_106' title='bbox 344 1483 379 1538; x_wconf 90' lang='lat' dir='ltr'><strong><em>ad</em></strong></span> <span class='ocrx_word' id='word_1_107' title='bbox 394 1482 463 1537; x_wconf 91' lang='lat' dir='ltr'><strong><em>illud</em></strong></span> <span class='ocrx_word' id='word_1_108' title='bbox 482 1484 637 1552; x_wconf 85' lang='lat' dir='ltr'><strong><em>exemplum</em></strong></span> <span class='ocrx_word' id='word_1_109' title='bbox 653 1484 790 1538; x_wconf 89' lang='lat' dir='ltr'><strong><em>accedere</em></strong></span> <span class='ocrx_word' id='word_1_110' title='bbox 808 1486 973 1539; x_wconf 80' lang='lat' dir='ltr'><strong><em>Leidensem</em></strong></span> 
     </span>
     <span class='ocr_line' id='line_1_16' title="bbox 64 1564 972 1637; baseline -0.007 -12"><span class='ocrx_word' id='word_1_111' title='bbox 64 1576 93 1625; x_wconf 84' lang='lat' dir='ltr'><strong><em>et</em></strong></span> <span class='ocrx_word' id='word_1_112' title='bbox 109 1567 278 1635; x_wconf 89' lang='lat' dir='ltr'><strong><em>Gudianum,</em></strong></span> <span class='ocrx_word' id='word_1_113' title='bbox 302 1565 461 1637; x_wconf 87' lang='lat' dir='ltr'><strong><em>opinionem</em></strong></span> <span class='ocrx_word' id='word_1_114' title='bbox 482 1564 563 1620; x_wconf 91' lang='lat' dir='ltr'><strong><em>nobis</em></strong></span> <span class='ocrx_word' id='word_1_115' title='bbox 581 1564 691 1635; x_wconf 90' lang='lat' dir='ltr'><strong><em>quidem</em></strong></span> <span class='ocrx_word' id='word_1_116' title='bbox 710 1581 827 1621; x_wconf 89' lang='lat' dir='ltr'><strong><em>assensu</em></strong></span> <span class='ocrx_word' id='word_1_117' title='bbox 843 1581 972 1636; x_wconf 90' lang='lat' dir='ltr'><strong><em>compro-</em></strong></span> 
     </span>
     <span class='ocr_line' id='line_1_17' title="bbox 62 1648 974 1722; baseline -0.009 -10"><span class='ocrx_word' id='word_1_118' title='bbox 62 1656 131 1712; x_wconf 85' lang='lat' dir='ltr'><strong><em>bare</em></strong></span> <span class='ocrx_word' id='word_1_119' title='bbox 153 1668 209 1708; x_wconf 92' lang='lat' dir='ltr'><strong><em>non</em></strong></span> <span class='ocrx_word' id='word_1_120' title='bbox 229 1649 343 1722; x_wconf 89' lang='lat' dir='ltr'><strong><em>iicebit,</em></strong></span> <span class='ocrx_word' id='word_1_121' title='bbox 361 1666 440 1721; x_wconf 87' lang='lat' dir='ltr'><strong><em>quam</em></strong></span> <span class='ocrx_word' id='word_1_122' title='bbox 458 1649 533 1706; x_wconf 90' lang='lat' dir='ltr'><strong><em>docti</em></strong></span> <span class='ocrx_word' id='word_1_123' title='bbox 551 1649 660 1720; x_wconf 85' lang='lat' dir='ltr'><strong><em>quidam</em></strong></span> <span class='ocrx_word' id='word_1_124' title='bbox 680 1648 806 1705; x_wconf 90' lang='lat' dir='ltr'><strong><em>homines</em></strong></span> <span class='ocrx_word' id='word_1_125' title='bbox 826 1650 861 1706; x_wconf 91' lang='lat' dir='ltr'><strong><em>de</em></strong></span> <span class='ocrx_word' id='word_1_126' title='bbox 882 1653 974 1705; x_wconf 87' lang='lat' dir='ltr'><strong><em>aetate</em></strong></span> 
     </span>
     <span class='ocr_line' id='line_1_18' title="bbox 62 1732 974 1809; baseline -0.008 -15"><span class='ocrx_word' id='word_1_127' title='bbox 62 1739 139 1794; x_wconf 88' lang='lat' dir='ltr'><strong><em>illius</em></strong></span> <span class='ocrx_word' id='word_1_128' title='bbox 154 1733 320 1809; x_wconf 87' lang='lat' dir='ltr'><strong><em>concepisse</em></strong></span> <span class='ocrx_word' id='word_1_129' title='bbox 337 1734 476 1791; x_wconf 82' lang='lat' dir='ltr'><strong><em>ridentur.</em></strong></span> <span class='ocrx_word' id='word_1_130' title='bbox 505 1732 561 1790; x_wconf 91' lang='lat' dir='ltr'><strong><em>Nos</em></strong></span> <span class='ocrx_word' id='word_1_131' title='bbox 577 1733 649 1790; x_wconf 90' lang='lat' dir='ltr'><strong><em>intra</em></strong></span> <span class='ocrx_word' id='word_1_132' title='bbox 665 1734 729 1791; x_wconf 90' lang='lat' dir='ltr'><strong><em>Xlll</em></strong></span> <span class='ocrx_word' id='word_1_133' title='bbox 747 1734 889 1789; x_wconf 87' lang='lat' dir='ltr'><strong><em>saeculum</em></strong></span> <span class='ocrx_word' id='word_1_134' title='bbox 905 1747 974 1788; x_wconf 90' lang='lat' dir='ltr'><strong><em>con·</em></strong></span> 
     </span>
     <span class='ocr_line' id='line_1_19' title="bbox 63 1818 973 1893; baseline -0.004 -15"><span class='ocrx_word' id='word_1_135' title='bbox 63 1823 204 1892; x_wconf 84' lang='lat' dir='ltr'><strong><em>sistemus,</em></strong></span> <span class='ocrx_word' id='word_1_136' title='bbox 220 1818 418 1892; x_wconf 86' lang='lat' dir='ltr'><strong><em>idqueduabus</em></strong></span> <span class='ocrx_word' id='word_1_137' title='bbox 432 1818 607 1893; x_wconf 90' lang='lat' dir='ltr'><strong><em>potissimum</em></strong></span> <span class='ocrx_word' id='word_1_138' title='bbox 619 1818 776 1877; x_wconf 87' lang='lat' dir='ltr'><strong><em>rationibus</em></strong></span> <span class='ocrx_word' id='word_1_139' title='bbox 792 1818 908 1888; x_wconf 91' lang='lat' dir='ltr'><strong><em>inducti,</em></strong></span> <span class='ocrx_word' id='word_1_140' title='bbox 925 1833 973 1874; x_wconf 92' lang='lat' dir='ltr'><strong><em>or-</em></strong></span> 
     </span>
     <span class='ocr_line' id='line_1_20' title="bbox 62 1904 535 1977; baseline -0.008 -17"><span class='ocrx_word' id='word_1_141' title='bbox 62 1905 245 1977; x_wconf 78' lang='lat' dir='ltr'><strong><em>thographica</em></strong></span> <span class='ocrx_word' id='word_1_142' title='bbox 262 1910 290 1959; x_wconf 91' lang='lat' dir='ltr'><strong><em>et</em></strong></span> <span class='ocrx_word' id='word_1_143' title='bbox 307 1904 535 1976; x_wconf 76' lang='lat' dir='ltr'><strong><em>tachygraphica.</em></strong></span> 
     </span>
    </p>

    <p class='ocr_par' dir='ltr' id='par_1_5' title="bbox 63 1986 977 2650">
     <span class='ocr_line' id='line_1_21' title="bbox 123 1986 973 2059; baseline -0.004 -15"><span class='ocrx_word' id='word_1_144' title='bbox 123 1990 251 2046; x_wconf 88' lang='lat' dir='ltr'><strong><em>Nostram</em></strong></span> <span class='ocrx_word' id='word_1_145' title='bbox 271 1988 305 2043; x_wconf 92' lang='lat' dir='ltr'><strong><em>de</em></strong></span> <span class='ocrx_word' id='word_1_146' title='bbox 321 1989 377 2044; x_wconf 87' lang='lat' dir='ltr'><strong><em>vita</em></strong></span> <span class='ocrx_word' id='word_1_147' title='bbox 395 1988 543 2045; x_wconf 80' lang='lat' dir='ltr'><strong><em>Caesarum</em></strong></span> <span class='ocrx_word' id='word_1_148' title='bbox 561 1987 713 2043; x_wconf 85' lang='lat' dir='ltr'><strong><em>editionem</em></strong></span> <span class='ocrx_word' id='word_1_149' title='bbox 735 1987 760 2042; x_wconf 92' lang='lat' dir='ltr'><strong><em>si</em></strong></span> <span class='ocrx_word' id='word_1_150' title='bbox 777 1986 838 2059; x_wconf 86' lang='lat' dir='ltr'><strong><em>quis</em></strong></span> <span class='ocrx_word' id='word_1_151' title='bbox 860 2003 920 2043; x_wconf 91' lang='lat' dir='ltr'><strong><em>cum</em></strong></span> <span class='ocrx_word' id='word_1_152' title='bbox 938 1986 973 2041; x_wconf 89' lang='lat' dir='ltr'><strong><em>li·</em></strong></span> 
     </span>
     <span class='ocr_line' id='line_1_22' title="bbox 63 2071 973 2142; baseline -0.005 -12"><span class='ocrx_word' id='word_1_153' title='bbox 63 2073 140 2130; x_wconf 89' lang='lat' dir='ltr'><strong><em>bella</em></strong></span> <span class='ocrx_word' id='word_1_154' title='bbox 157 2073 191 2127; x_wconf 92' lang='lat' dir='ltr'><strong><em>de</em></strong></span> <span class='ocrx_word' id='word_1_155' title='bbox 206 2072 394 2141; x_wconf 81' lang='lat' dir='ltr'><strong><em>grammaticis</em></strong></span> <span class='ocrx_word' id='word_1_156' title='bbox 410 2072 540 2127; x_wconf 85' lang='lat' dir='ltr'><strong><em>conferre</em></strong></span> <span class='ocrx_word' id='word_1_157' title='bbox 556 2071 694 2142; x_wconf 86' lang='lat' dir='ltr'><strong><em>valuerit,</em></strong></span> <span class='ocrx_word' id='word_1_158' title='bbox 709 2071 737 2126; x_wconf 90' lang='lat' dir='ltr'><strong><em>in</em></strong></span> <span class='ocrx_word' id='word_1_159' title='bbox 755 2073 809 2128; x_wconf 92' lang='lat' dir='ltr'><strong><em>hoc</em></strong></span> <span class='ocrx_word' id='word_1_160' title='bbox 828 2072 973 2129; x_wconf 89' lang='lat' dir='ltr'><strong><em>admodum</em></strong></span> 
     </span>
     <span class='ocr_line' id='line_1_23' title="bbox 64 2154 973 2224; baseline 0.001 -13"><span class='ocrx_word' id='word_1_161' title='bbox 64 2156 206 2211; x_wconf 82' lang='lat' dir='ltr'><strong><em>diversum</em></strong></span> <span class='ocrx_word' id='word_1_162' title='bbox 229 2171 318 2224; x_wconf 79' lang='lat' dir='ltr'><strong><em>genus</em></strong></span> <span class='ocrx_word' id='word_1_163' title='bbox 342 2154 483 2210; x_wconf 89' lang='lat' dir='ltr'><strong><em>scribendi</em></strong></span> <span class='ocrx_word' id='word_1_164' title='bbox 505 2156 642 2211; x_wconf 88' lang='lat' dir='ltr'><strong><em>vocabula</em></strong></span> <span class='ocrx_word' id='word_1_165' title='bbox 665 2155 874 2213; x_wconf 87' lang='lat' dir='ltr'><strong><em>animadvertet.</em></strong></span> <span class='ocrx_word' id='word_1_166' title='bbox 920 2155 973 2212; x_wconf 87' lang='lat' dir='ltr'><strong><em>Ru-</em></strong></span> 
     </span>
     <span class='ocr_line' id='line_1_24' title="bbox 64 2237 976 2310; baseline 0 -15"><span class='ocrx_word' id='word_1_167' title='bbox 64 2239 176 2296; x_wconf 89' lang='lat' dir='ltr'><strong><em>rissime</em></strong></span> <span class='ocrx_word' id='word_1_168' title='bbox 201 2238 273 2295; x_wconf 88' lang='lat' dir='ltr'><strong><em>enim</em></strong></span> <span class='ocrx_word' id='word_1_169' title='bbox 295 2237 401 2295; x_wconf 88' lang='lat' dir='ltr'><strong><em>veteris</em></strong></span> <span class='ocrx_word' id='word_1_170' title='bbox 423 2237 579 2310; x_wconf 89' lang='lat' dir='ltr'><strong><em>scripturae</em></strong></span> <span class='ocrx_word' id='word_1_171' title='bbox 595 2238 733 2309; x_wconf 78' lang='lat' dir='ltr'><strong><em>vestigia,</em></strong></span> <span class='ocrx_word' id='word_1_172' title='bbox 758 2245 786 2294; x_wconf 93' lang='lat' dir='ltr'><strong><em>et</em></strong></span> <span class='ocrx_word' id='word_1_173' title='bbox 810 2239 921 2310; x_wconf 85' lang='lat' dir='ltr'><strong><em>quidem</em></strong></span> <span class='ocrx_word' id='word_1_174' title='bbox 943 2255 976 2295; x_wconf 82' lang='lat' dir='ltr'><strong><em>ea</em></strong></span> 
     </span>
     <span class='ocr_line' id='line_1_25' title="bbox 64 2321 976 2396; baseline -0.005 -16"><span class='ocrx_word' id='word_1_175' title='bbox 64 2327 125 2380; x_wconf 86' lang='lat' dir='ltr'><strong><em>fere</em></strong></span> <span class='ocrx_word' id='word_1_176' title='bbox 146 2340 217 2396; x_wconf 89' lang='lat' dir='ltr'><strong><em>quae</em></strong></span> <span class='ocrx_word' id='word_1_177' title='bbox 242 2322 421 2379; x_wconf 88' lang='lat' dir='ltr'><strong><em>librariorum</em></strong></span> <span class='ocrx_word' id='word_1_178' title='bbox 443 2322 535 2378; x_wconf 90' lang='lat' dir='ltr'><strong><em>odium</em></strong></span> <span class='ocrx_word' id='word_1_179' title='bbox 557 2322 636 2394; x_wconf 88' lang='lat' dir='ltr'><strong><em>quasi</em></strong></span> <span class='ocrx_word' id='word_1_180' title='bbox 658 2323 904 2393; x_wconf 78' lang='lat' dir='ltr'><strong><em>subterfugerunt,</em></strong></span> <span class='ocrx_word' id='word_1_181' title='bbox 927 2321 976 2376; x_wconf 90' lang='lat' dir='ltr'><strong><em>de-</em></strong></span> 
     </span>
     <span class='ocr_line' id='line_1_26' title="bbox 64 2404 977 2481; baseline -0.005 -17"><span class='ocrx_word' id='word_1_182' title='bbox 64 2409 234 2481; x_wconf 89' lang='lat' dir='ltr'><strong><em>prehendet,</em></strong></span> <span class='ocrx_word' id='word_1_183' title='bbox 255 2406 496 2480; x_wconf 87' lang='lat' dir='ltr'><strong><em>praepositionum</em></strong></span> <span class='ocrx_word' id='word_1_184' title='bbox 514 2407 542 2462; x_wconf 91' lang='lat' dir='ltr'><strong><em>in</em></strong></span> <span class='ocrx_word' id='word_1_185' title='bbox 565 2407 661 2464; x_wconf 88' lang='lat' dir='ltr'><strong><em>verbis</em></strong></span> <span class='ocrx_word' id='word_1_186' title='bbox 680 2405 844 2481; x_wconf 88' lang='lat' dir='ltr'><strong><em>compositis</em></strong></span> <span class='ocrx_word' id='word_1_187' title='bbox 864 2404 977 2460; x_wconf 88' lang='lat' dir='ltr'><strong><em>sincere</em></strong></span> 
     </span>
     <span class='ocr_line' id='line_1_27' title="bbox 64 2485 977 2564; baseline -0.004 -17"><span class='ocrx_word' id='word_1_188' title='bbox 64 2485 231 2564; x_wconf 86' lang='lat' dir='ltr'><strong><em>scriptarum</em></strong></span> <span class='ocrx_word' id='word_1_189' title='bbox 248 2493 404 2564; x_wconf 87' lang='lat' dir='ltr'><strong><em>exemplum</em></strong></span> <span class='ocrx_word' id='word_1_190' title='bbox 426 2491 528 2547; x_wconf 88' lang='lat' dir='ltr'><strong><em>nullum</em></strong></span> <span class='ocrx_word' id='word_1_191' title='bbox 535 2486 587 2562; x_wconf 75' lang='lat'><strong><em>⁴⁸),</em></strong></span> <span class='ocrx_word' id='word_1_192' title='bbox 610 2491 763 2549; x_wconf 76' lang='lat' dir='ltr'><strong><em>accusativi</em></strong></span> <span class='ocrx_word' id='word_1_193' title='bbox 784 2489 902 2563; x_wconf 91' lang='lat' dir='ltr'><strong><em>pluralis</em></strong></span> <span class='ocrx_word' id='word_1_194' title='bbox 917 2495 977 2543; x_wconf 88' lang='lat' dir='ltr'><strong><em>ter-</em></strong></span> 
     </span>
     <span class='ocr_line' id='line_1_28' title="bbox 63 2569 975 2650; baseline -0.003 -20"><span class='ocrx_word' id='word_1_195' title='bbox 63 2576 120 2632; x_wconf 90' lang='lat' dir='ltr'><strong><em>tiae</em></strong></span> <span class='ocrx_word' id='word_1_196' title='bbox 136 2576 334 2632; x_wconf 88' lang='lat' dir='ltr'><strong><em>declinationis</em></strong></span> <span class='ocrx_word' id='word_1_197' title='bbox 350 2576 376 2631; x_wconf 93' lang='lat' dir='ltr'><strong><em>in</em></strong></span> <span class='ocrx_word' id='word_1_198' title='bbox 392 2576 422 2632; x_wconf 90' lang='lat' dir='ltr'><strong><em>is</em></strong></span> <span class='ocrx_word' id='word_1_199' title='bbox 439 2576 577 2633; x_wconf 91' lang='lat' dir='ltr'><strong><em>terminati</em></strong></span> <span class='ocrx_word' id='word_1_200' title='bbox 594 2569 734 2650; x_wconf 52' lang='lat' dir='ltr'><strong><em>unumss),</em></strong></span> <span class='ocrx_word' id='word_1_201' title='bbox 750 2574 887 2648; x_wconf 86' lang='lat' dir='ltr'><strong><em>simplicis</em></strong></span> <span class='ocrx_word' id='word_1_202' title='bbox 902 2575 914 2629; x_wconf 90' lang='lat' dir='ltr'><strong><em>i</em></strong></span> <span class='ocrx_word' id='word_1_203' title='bbox 928 2570 975 2628; x_wconf 87' lang='lat' dir='ltr'><strong><em>lit-</em></strong></span> 
     </span>
    </p>
   </div>
   <div class='ocr_carea' id='block_1_4' title="bbox 64 2740 968 3629">
    <p class='ocr_par' dir='ltr' id='par_1_6' title="bbox 64 2740 968 3136">
     <span class='ocr_line' id='line_1_29' title="bbox 132 2740 968 2807; baseline -0.002 -16"><span class='ocrx_word' id='word_1_204' title='bbox 132 2743 177 2805; x_wconf 87' lang='grc'><strong><em>47)</em></strong></span> <span class='ocrx_word' id='word_1_205' title='bbox 202 2743 317 2805; x_wconf 85' lang='lat' dir='ltr'><strong><em>Namque</em></strong></span> <span class='ocrx_word' id='word_1_206' title='bbox 334 2740 382 2791; x_wconf 93' lang='lat' dir='ltr'><strong><em>hac</em></strong></span> <span class='ocrx_word' id='word_1_207' title='bbox 404 2743 430 2790; x_wconf 89' lang='lat' dir='ltr'><strong><em>in</em></strong></span> <span class='ocrx_word' id='word_1_208' title='bbox 444 2749 515 2807; x_wconf 86' lang='lat' dir='ltr'><strong><em>parte</em></strong></span> <span class='ocrx_word' id='word_1_209' title='bbox 533 2743 678 2803; x_wconf 85' lang='lat' dir='ltr'><strong><em>Pantanus,</em></strong></span> <span class='ocrx_word' id='word_1_210' title='bbox 705 2744 748 2807; x_wconf 87' lang='lat' dir='ltr'><strong><em>qul</em></strong></span> <span class='ocrx_word' id='word_1_211' title='bbox 762 2742 913 2793; x_wconf 85' lang='lat' dir='ltr'><strong><em>Leidensem</em></strong></span> <span class='ocrx_word' id='word_1_212' title='bbox 932 2754 968 2790; x_wconf 87' lang='lat' dir='ltr'><strong><em>co-</em></strong></span> 
     </span>
     <span class='ocr_line' id='line_1_30' title="bbox 64 2810 968 2876; baseline -0.002 -16"><span class='ocrx_word' id='word_1_213' title='bbox 64 2812 144 2860; x_wconf 88' lang='lat' dir='ltr'><strong><em>dicem</em></strong></span> <span class='ocrx_word' id='word_1_214' title='bbox 163 2811 314 2876; x_wconf 84' lang='lat' dir='ltr'><strong><em>exscripsit,</em></strong></span> <span class='ocrx_word' id='word_1_215' title='bbox 339 2810 383 2860; x_wconf 88' lang='lat' dir='ltr'><strong><em>uni</em></strong></span> <span class='ocrx_word' id='word_1_216' title='bbox 399 2811 502 2876; x_wconf 79' lang='lat' dir='ltr'><strong><em>legendi</em></strong></span> <span class='ocrx_word' id='word_1_217' title='bbox 522 2810 637 2861; x_wconf 82' lang='lat' dir='ltr'><strong><em>facilitati</em></strong></span> <span class='ocrx_word' id='word_1_218' title='bbox 659 2812 816 2874; x_wconf 86' lang='lat' dir='ltr'><strong><em>inserviens,</em></strong></span> <span class='ocrx_word' id='word_1_219' title='bbox 841 2824 892 2860; x_wconf 91' lang='lat' dir='ltr'><strong><em>non</em></strong></span> <span class='ocrx_word' id='word_1_220' title='bbox 915 2824 968 2858; x_wconf 81' lang='lat' dir='ltr'><strong><em>ram</em></strong></span> 
     </span>
     <span class='ocr_line' id='line_1_31' title="bbox 64 2877 965 2946; baseline -0.001 -19"><span class='ocrx_word' id='word_1_221' title='bbox 64 2879 248 2943; x_wconf 86' lang='lat' dir='ltr'><strong><em>imprudentius</em></strong></span> <span class='ocrx_word' id='word_1_222' title='bbox 267 2880 332 2944; x_wconf 84' lang='lat' dir='ltr'><strong><em>egit,</em></strong></span> <span class='ocrx_word' id='word_1_223' title='bbox 357 2879 417 2928; x_wconf 91' lang='lat' dir='ltr'><strong><em>dum</em></strong></span> <span class='ocrx_word' id='word_1_224' title='bbox 434 2894 458 2929; x_wconf 81' lang='lat' dir='ltr'><strong><em>v.</em></strong></span> <span class='ocrx_word' id='word_1_225' title='bbox 477 2894 498 2930; x_wconf 93' lang='lat' dir='ltr'><strong><em>c.</em></strong></span> <span class='ocrx_word' id='word_1_226' title='bbox 515 2896 562 2946; x_wconf 91' lang='lat' dir='ltr'><strong><em>pro</em></strong></span> <span class='ocrx_word' id='word_1_227' title='bbox 582 2879 631 2933; x_wconf 83' lang='lat' dir='ltr'><strong><em>CN.</em></strong></span> <span class='ocrx_word' id='word_1_228' title='bbox 654 2880 702 2933; x_wconf 79' lang='lat' dir='ltr'><strong><em>Cn.</em></strong></span> <span class='ocrx_word' id='word_1_229' title='bbox 719 2880 833 2946; x_wconf 88' lang='lat' dir='ltr'><strong><em>reponit,</em></strong></span> <span class='ocrx_word' id='word_1_230' title='bbox 856 2879 883 2930; x_wconf 83' lang='lat'><strong><em>0.</em></strong></span> <span class='ocrx_word' id='word_1_231' title='bbox 901 2885 925 2928; x_wconf 92' lang='lat' dir='ltr'><strong><em>et</em></strong></span> <span class='ocrx_word' id='word_1_232' title='bbox 944 2877 965 2926; x_wconf 84' lang='lat' dir='ltr'>L</span> 
     </span>
     <span class='ocr_line' id='line_1_32' title="bbox 65 2947 956 3016; baseline 0.003 -21"><span class='ocrx_word' id='word_1_233' title='bbox 65 2948 91 2995; x_wconf 93' lang='lat' dir='ltr'><strong><em>in</em></strong></span> <span class='ocrx_word' id='word_1_234' title='bbox 112 2947 195 2997; x_wconf 84' lang='lat' dir='ltr'><strong><em>Caium</em></strong></span> <span class='ocrx_word' id='word_1_235' title='bbox 213 2955 238 2996; x_wconf 86' lang='lat' dir='ltr'><strong><em>et</em></strong></span> <span class='ocrx_word' id='word_1_236' title='bbox 253 2949 352 2997; x_wconf 85' lang='lat' dir='ltr'><strong><em>Latium</em></strong></span> <span class='ocrx_word' id='word_1_237' title='bbox 369 2948 481 3011; x_wconf 83' lang='lat' dir='ltr'><strong><em>resolvit,</em></strong></span> <span class='ocrx_word' id='word_1_238' title='bbox 499 2948 642 3000; x_wconf 88' lang='lat' dir='ltr'><strong><em>Cornelium</em></strong></span> <span class='ocrx_word' id='word_1_239' title='bbox 659 2957 682 2999; x_wconf 90' lang='lat' dir='ltr'><strong><em>et</em></strong></span> <span class='ocrx_word' id='word_1_240' title='bbox 699 2952 845 3016; x_wconf 77' lang='lat' dir='ltr'><strong><em>Angustum</em></strong></span> <span class='ocrx_word' id='word_1_241' title='bbox 858 2949 885 2998; x_wconf 88' lang='lat' dir='ltr'><strong><em>in</em></strong></span> <span class='ocrx_word' id='word_1_242' title='bbox 898 2947 956 2998; x_wconf 79' lang='lat' dir='ltr'><strong><em>Com</em></strong></span> 
     </span>
     <span class='ocr_line' id='line_1_33' title="bbox 66 3014 958 3085; baseline 0.001 -21"><span class='ocrx_word' id='word_1_243' title='bbox 66 3023 90 3064; x_wconf 89' lang='lat' dir='ltr'><strong><em>et</em></strong></span> <span class='ocrx_word' id='word_1_244' title='bbox 99 3014 167 3079; x_wconf 67' lang='lat' dir='ltr'><strong><em>Aac.</em></strong></span> <span class='ocrx_word' id='word_1_245' title='bbox 178 3021 281 3076; x_wconf 87' lang='lat' dir='ltr'><strong><em>coartat,</em></strong></span> <span class='ocrx_word' id='word_1_246' title='bbox 295 3018 355 3079; x_wconf 87' lang='lat' dir='ltr'><strong><em>quin</em></strong></span> <span class='ocrx_word' id='word_1_247' title='bbox 367 3016 440 3065; x_wconf 89' lang='lat' dir='ltr'><strong><em>etiam</em></strong></span> <span class='ocrx_word' id='word_1_248' title='bbox 454 3032 499 3082; x_wconf 94' lang='lat' dir='ltr'><strong><em>pro</em></strong></span> <span class='ocrx_word' id='word_1_249' title='bbox 509 3018 542 3068; x_wconf 91' lang='grc' dir='ltr'><strong><em>Μ.</em></strong></span> <span class='ocrx_word' id='word_1_250' title='bbox 557 3018 687 3070; x_wconf 77' lang='lat' dir='ltr'><strong><em>Ciceronis</em></strong></span> <span class='ocrx_word' id='word_1_251' title='bbox 699 3029 724 3085; x_wconf 90' lang='lat' dir='ltr'><strong><em>p.</em></strong></span> <span class='ocrx_word' id='word_1_252' title='bbox 739 3017 800 3079; x_wconf 84' lang='grc'><strong>263,</strong></span> <span class='ocrx_word' id='word_1_253' title='bbox 811 3019 844 3068; x_wconf 87' lang='grc'><strong><em>24</em></strong></span> <span class='ocrx_word' id='word_1_254' title='bbox 856 3018 958 3080; x_wconf 77' lang='lat' dir='ltr'><strong><em>mapiste</em></strong></span> 
     </span>
     <span class='ocr_line' id='line_1_34' title="bbox 66 3084 305 3136; baseline -0.004 0"><span class='ocrx_word' id='word_1_255' title='bbox 66 3085 195 3136; x_wconf 84' lang='lat' dir='ltr'><strong><em>Ciceraru&#39;s</em></strong></span> <span class='ocrx_word' id='word_1_256' title='bbox 210 3084 305 3135; x_wconf 88' lang='lat' dir='ltr'><strong><em>scribit.</em></strong></span> 
     </span>
    </p>

    <p class='ocr_par' dir='ltr' id='par_1_7' title="bbox 64 3153 968 3344">
     <span class='ocr_line' id='line_1_35' title="bbox 133 3153 968 3219; baseline 0 -16"><span class='ocrx_word' id='word_1_257' title='bbox 133 3154 179 3216; x_wconf 79' lang='lat'><strong><em>48)</em></strong></span> <span class='ocrx_word' id='word_1_258' title='bbox 196 3153 381 3218; x_wconf 84' lang='lat' dir='ltr'><strong><em>Excipiendnm</em></strong></span> <span class='ocrx_word' id='word_1_259' title='bbox 398 3170 424 3219; x_wconf 93' lang='lat' dir='ltr'><strong><em>p.</em></strong></span> <span class='ocrx_word' id='word_1_260' title='bbox 445 3155 504 3216; x_wconf 85' lang='grc'><strong>257,</strong></span> <span class='ocrx_word' id='word_1_261' title='bbox 524 3157 538 3204; x_wconf 85' lang='grc'><strong>7</strong></span> <span class='ocrx_word' id='word_1_262' title='bbox 557 3156 709 3216; x_wconf 84' lang='lat' dir='ltr'><strong><em>adnotatum,</em></strong></span> <span class='ocrx_word' id='word_1_263' title='bbox 729 3155 788 3205; x_wconf 92' lang='lat' dir='ltr'><strong><em>olim</em></strong></span> <span class='ocrx_word' id='word_1_264' title='bbox 806 3156 833 3205; x_wconf 87' lang='lat' dir='ltr'><strong><em>in</em></strong></span> <span class='ocrx_word' id='word_1_265' title='bbox 848 3155 885 3204; x_wconf 86' lang='lat' dir='ltr'><strong><em>ad</em></strong></span> <span class='ocrx_word' id='word_1_266' title='bbox 894 3161 968 3204; x_wconf 75' lang='lat' dir='ltr'><strong><em>notam</em></strong></span> 
     </span>
     <span class='ocr_line' id='line_1_36' title="bbox 64 3224 961 3288; baseline -0.002 -14"><span class='ocrx_word' id='word_1_267' title='bbox 64 3231 89 3281; x_wconf 79' lang='lat' dir='ltr'><strong><em>et</em></strong></span> <span class='ocrx_word' id='word_1_268' title='bbox 101 3230 130 3274; x_wconf 87' lang='lat' dir='ltr'><strong><em>ot</em></strong></span> <span class='ocrx_word' id='word_1_269' title='bbox 144 3230 225 3273; x_wconf 84' lang='lat' dir='ltr'><strong><em>notam</em></strong></span> <span class='ocrx_word' id='word_1_270' title='bbox 236 3230 395 3287; x_wconf 88' lang='lat' dir='ltr'><strong><em>corruptum;</em></strong></span> <span class='ocrx_word' id='word_1_271' title='bbox 417 3237 473 3272; x_wconf 86' lang='lat' dir='ltr'><strong><em>nam</em></strong></span> <span class='ocrx_word' id='word_1_272' title='bbox 486 3239 512 3288; x_wconf 90' lang='lat' dir='ltr'><strong><em>p.</em></strong></span> <span class='ocrx_word' id='word_1_273' title='bbox 524 3224 584 3286; x_wconf 86' lang='grc'><strong>267,</strong></span> <span class='ocrx_word' id='word_1_274' title='bbox 598 3226 630 3276; x_wconf 88' lang='grc'><strong><em>14</em></strong></span> <span class='ocrx_word' id='word_1_275' title='bbox 644 3224 704 3275; x_wconf 90' lang='lat' dir='ltr'><strong><em>boni</em></strong></span> <span class='ocrx_word' id='word_1_276' title='bbox 719 3224 776 3274; x_wconf 90' lang='lat' dir='ltr'><strong><em>libri</em></strong></span> <span class='ocrx_word' id='word_1_277' title='bbox 791 3238 880 3274; x_wconf 87' lang='lat' dir='ltr'><strong><em>omnes</em></strong></span> <span class='ocrx_word' id='word_1_278' title='bbox 897 3239 961 3273; x_wconf 71' lang='lat' dir='ltr'><strong><em>ann(</em></strong></span> 
     </span>
     <span class='ocr_line' id='line_1_37' title="bbox 64 3291 240 3344; baseline -0.006 0"><span class='ocrx_word' id='word_1_279' title='bbox 64 3301 123 3344; x_wconf 86' lang='lat' dir='ltr'><strong><em>tare</em></strong></span> <span class='ocrx_word' id='word_1_280' title='bbox 138 3291 240 3343; x_wconf 89' lang='lat' dir='ltr'><strong><em>habent.</em></strong></span> 
     </span>
    </p>

    <p class='ocr_par' dir='ltr' id='par_1_8' title="bbox 64 3359 966 3569">
     <span class='ocr_line' id='line_1_38' title="bbox 134 3359 960 3430; baseline -0.002 -17"><span class='ocrx_word' id='word_1_281' title='bbox 134 3359 182 3423; x_wconf 87' lang='grc'><strong><em>49)</em></strong></span> <span class='ocrx_word' id='word_1_282' title='bbox 200 3377 225 3426; x_wconf 85' lang='lat' dir='ltr'><strong><em>p.</em></strong></span> <span class='ocrx_word' id='word_1_283' title='bbox 246 3359 309 3422; x_wconf 84' lang='lat'><strong><em>268,</em></strong></span> <span class='ocrx_word' id='word_1_284' title='bbox 332 3361 365 3414; x_wconf 87' lang='grc'><strong><em>26</em></strong></span> <span class='ocrx_word' id='word_1_285' title='bbox 379 3363 502 3428; x_wconf 63' lang='lat' dir='ltr'><strong><em>prandis-</em></strong></span> <span class='ocrx_word' id='word_1_286' title='bbox 522 3377 580 3413; x_wconf 84' lang='lat' dir='ltr'><strong><em>nam</em></strong></span> <span class='ocrx_word' id='word_1_287' title='bbox 597 3380 622 3430; x_wconf 91' lang='lat' dir='ltr'><strong><em>p.</em></strong></span> <span class='ocrx_word' id='word_1_288' title='bbox 642 3363 707 3425; x_wconf 83' lang='grc'><strong>263,</strong></span> <span class='ocrx_word' id='word_1_289' title='bbox 731 3365 747 3416; x_wconf 88' lang='grc'>8</span> <span class='ocrx_word' id='word_1_290' title='bbox 768 3367 845 3415; x_wconf 82' lang='lat' dir='ltr'><strong><em>amnis</em></strong></span> <span class='ocrx_word' id='word_1_291' title='bbox 861 3377 913 3413; x_wconf 91' lang='lat' dir='ltr'><strong><em>uon</em></strong></span> <span class='ocrx_word' id='word_1_292' title='bbox 929 3361 960 3412; x_wconf 85' lang='lat' dir='ltr'><strong><em>hr</em></strong></span> 
     </span>
     <span class='ocr_line' id='line_1_39' title="bbox 64 3429 966 3498; baseline 0 -16"><span class='ocrx_word' id='word_1_293' title='bbox 64 3430 125 3482; x_wconf 86' lang='lat' dir='ltr'><strong><em>beut</em></strong></span> <span class='ocrx_word' id='word_1_294' title='bbox 146 3429 195 3480; x_wconf 88' lang='lat' dir='ltr'><strong><em>nisi</em></strong></span> <span class='ocrx_word' id='word_1_295' title='bbox 219 3430 347 3481; x_wconf 88' lang='lat' dir='ltr'><strong><em>Parisinus</em></strong></span> <span class='ocrx_word' id='word_1_296' title='bbox 371 3433 451 3482; x_wconf 85' lang='lat' dir='ltr'><strong><em>codex</em></strong></span> <span class='ocrx_word' id='word_1_297' title='bbox 477 3439 501 3482; x_wconf 87' lang='lat' dir='ltr'><strong><em>et</em></strong></span> <span class='ocrx_word' id='word_1_298' title='bbox 524 3435 621 3484; x_wconf 84' lang='lat' dir='ltr'><strong><em>Incerta</em></strong></span> <span class='ocrx_word' id='word_1_299' title='bbox 644 3434 736 3495; x_wconf 87' lang='lat' dir='ltr'><strong><em>editio,</em></strong></span> <span class='ocrx_word' id='word_1_300' title='bbox 761 3435 805 3498; x_wconf 89' lang='lat' dir='ltr'><strong><em>qui</em></strong></span> <span class='ocrx_word' id='word_1_301' title='bbox 827 3433 885 3484; x_wconf 89' lang='lat' dir='ltr'><strong><em>iibri</em></strong></span> <span class='ocrx_word' id='word_1_302' title='bbox 908 3439 966 3482; x_wconf 85' lang='lat' dir='ltr'><strong><em>anti·</em></strong></span> 
     </span>
     <span class='ocr_line' id='line_1_40' title="bbox 66 3499 966 3569; baseline 0.001 -19"><span class='ocrx_word' id='word_1_303' title='bbox 66 3500 169 3564; x_wconf 82' lang='lat' dir='ltr'><strong><em>quitatis</em></strong></span> <span class='ocrx_word' id='word_1_304' title='bbox 187 3499 344 3551; x_wconf 82' lang='lat' dir='ltr'><strong><em>affectatione</em></strong></span> <span class='ocrx_word' id='word_1_305' title='bbox 355 3503 430 3552; x_wconf 85' lang='lat' dir='ltr'><strong><em>etium</em></strong></span> <span class='ocrx_word' id='word_1_306' title='bbox 448 3517 518 3568; x_wconf 87' lang='lat' dir='ltr'><strong><em>quom</em></strong></span> <span class='ocrx_word' id='word_1_307' title='bbox 534 3517 580 3569; x_wconf 93' lang='lat' dir='ltr'><strong><em>pro</em></strong></span> <span class='ocrx_word' id='word_1_308' title='bbox 598 3519 650 3554; x_wconf 88' lang='lat' dir='ltr'><strong><em>cum</em></strong></span> <span class='ocrx_word' id='word_1_309' title='bbox 668 3503 777 3554; x_wconf 89' lang='lat' dir='ltr'><strong><em>scribere</em></strong></span> <span class='ocrx_word' id='word_1_310' title='bbox 796 3504 885 3554; x_wconf 88' lang='lat' dir='ltr'><strong><em>soient.</em></strong></span> <span class='ocrx_word' id='word_1_311' title='bbox 923 3501 966 3552; x_wconf 77' lang='lat' dir='ltr'><strong><em>Aa</em></strong></span> 
     </span>
    </p>

    <p class='ocr_par' dir='ltr' id='par_1_9' title="bbox 108 3585 847 3629">
     <span class='ocr_line' id='line_1_41' title="bbox 108 3585 847 3629; baseline -0.008 -8"><span class='ocrx_word' id='word_1_312' title='bbox 108 3585 245 3622; x_wconf 67' lang='lat' dir='ltr'>SUETONIUS.</span> <span class='ocrx_word' id='word_1_313' title='bbox 832 3595 847 3629; x_wconf 64' lang='grc' dir='ltr'>θ</span> 
     </span>
    </p>
   </div>
   <div class='ocr_carea' id='block_1_5' title="bbox 0 0 1172 3870">
    <p class='ocr_par' dir='ltr' id='par_1_10' title="bbox 0 0 1172 3870">
     <span class='ocr_line' id='line_1_42' title="bbox 0 0 1172 3870; baseline 0 0"><span class='ocrx_word' id='word_1_314' title='bbox 0 0 1172 3870; x_wconf 95' lang='lat' dir='ltr'><strong><em> </em></strong></span> 
     </span>
    </p>
   </div>
  </div>
 </body>
</html>
