2334 3870
115 199 180 246 v111
456 183 662 245 annuarum.

112 344 272 431 φιλόλογον
286 364 383 430 ptlb,
395 365 420 417 6·
440 364 540 426 303,st
553 355 661 413 Graeci.
688 356 786 419 libros
804 377 857 415 non
874 370 938 418 ante
957 383 1037 436 qua.

114 442 300 513 dragesimam
315 442 414 498 aetatis
430 458 528 496 aunum
545 440 647 509 edidit,
662 441 713 494 sed
725 441 825 497 dudum
839 447 968 504 scribere
984 453 1030 506 in.

113 525 243 582 stituerat
268 527 382 582 libellos
405 526 537 595 quosdam
559 542 574 580 a
597 524 686 579 Plinio
709 525 854 582 admodum
878 531 1032 592 desidera.

113 615 173 671 tos:
191 610 236 679 qui
255 611 392 665 fuerintne
409 611 444 664 de
458 609 537 663 Viris·
546 608 701 664 illustribus
717 626 751 663 an
762 611 809 664 alii
823 628 877 668 non
890 615 1031 691 decerno,

114 699 191 748 certe
208 694 242 748 de
258 694 315 750 vita
332 693 479 749 Caesarum
497 692 638 761 aliquanto
653 698 718 763 post
733 693 829 750 edidit.

175 776 264 832 Plinio
290 784 396 832 mortuo
419 775 593 845 Tranquillus
619 777 654 830 ad
676 775 705 830 C.
735 778 897 849 Septicii
924 781 1022 841 Clari

114 860 262 916 amicitiam
278 868 359 930 atque
376 859 469 915 cilicia
484 858 605 927 transiit,
621 860 666 913 cai
681 859 854 931 iampridem
868 871 897 919 ut
912 869 1025 925 amicis·

113 943 184 999 simo
205 944 286 999 Plinii
312 960 393 998 carus
415 959 479 998 esse
497 942 601 998 debuit.
646 944 673 998 ls
698 960 769 999 anno
789 954 839 1006 119
861 951 1029 1019 praelectus

112 1028 256 1098 praetorio
283 1028 371 1082 factus
393 1026 581 1094 Tranquillum
604 1026 642 1080 ita
663 1030 832 1097 promeritus
853 1039 913 1101 est,
934 1042 964 1088 ut
989 1038 1027 1093 de

112 1111 169 1165 rita
187 1111 336 1166 Caesarum
358 1111 448 1165 libros
466 1110 529 1162 Vlll
551 1110 577 1163 ei
592 1110 714 1165 mitteret
735 1128 761 1181 p.
778 1118 845 1184 286,
861 1122 893 1179 3;
918 1119 1025 1190 quippe

115 1192 241 1264 Septicio
271 1194 388 1248 maxime
418 1193 610 1249 intercedente
637 1194 739 1250 factum
768 1213 833 1252 esso
856 1199 969 1261 videtur
994 1211 1027 1259 ut

115 1277 355 1348 epistularum
371 1276 772 1348 magisteriumsimulque
786 1272 1024 1345 nonmediocrem

114 1361 223 1432 gratiae
238 1361 329 1417 locum
346 1362 418 1431 apud
433 1360 601 1415 Hadrianum
616 1361 772 1432 principem
788 1382 814 1435 p.
831 1371 880 1433 40,
896 1373 930 1423 22
949 1371 1024 1426 obli.

114 1451 211 1514 neret,
233 1446 305 1500 unde
328 1460 392 1500 mox
415 1462 467 1500 uua
491 1460 551 1498 oum
571 1445 660 1499 amico
682 1441 807 1503 deiectus
830 1456 881 1504 est.
927 1452 1024 1508 Refert

114 1529 186 1583 euim
199 1528 362 1599 Spartianus
378 1545 437 1599 cap.
451 1534 495 1596 ll,
509 1526 676 1584 Hadrianum
693 1531 870 1600 eBritaunia,
887 1535 932 1587 ubi
949 1549 1025 1591 auno

112 1617 163 1671 121
180 1628 256 1667 muro
272 1629 322 1683 per
334 1612 428 1666 LXXX
445 1611 520 1666 milia
534 1628 664 1683 passuum
680 1613 806 1669 ducendo
820 1613 940 1667 intentus
956 1616 1019 1667 lue-

113 1696 165 1762 rit,
190 1695 316 1765 Septicio
333 1695 415 1749 Claro
430 1695 576 1766 praefecto
591 1695 726 1766 praetorii
740 1702 767 1750 et
781 1693 915 1751 Suetonio
932 1696 1017 1752 Trau-

113 1778 202 1848 quillo
224 1778 404 1848 epistularum
428 1778 564 1848 magistro
587 1779 735 1850 multisque
760 1778 840 1848 aliis,
860 1796 931 1850 quos
946 1781 1021 1853 apud

113 1860 245 1927 Sabinam
267 1878 382 1917 uxorem
404 1862 511 1917 iniussu
532 1878 583 1917 suo
605 1861 770 1919 familiarius
789 1879 821 1918 se
843 1869 907 1918 tunc
924 1864 1023 1934 egisse

113 1951 282 2015 cognosset,
309 1963 389 2016 quam
416 1947 574 2000 reverentia
595 1947 692 2002 domus
717 1947 825 2003 aulicae
855 1949 1025 2019 postularet,

112 2044 293 2084 successores
310 2030 432 2085 dedisse.
478 2031 616 2086 llorosam
636 2029 753 2086 enimet
773 2048 900 2102 asperam
922 2022 1024 2086 nilrlie-

111 2128 170 2167 rem
188 2128 317 2183 perosus,
334 2114 398 2184 quia
411 2113 550 2179 dindttere
565 2113 694 2186 principe
709 2131 741 2169 se
755 2130 810 2171 non
826 2117 894 2171 satis
909 2116 1025 2185 dignum

112 2196 304 2267 existimabat,
330 2204 358 2253 et
380 2198 453 2253 omni
479 2204 675 2254 extraneorum
694 2207 777 2254 coetu
802 2199 944 2270 prohibuit
968 2213 1024 2252 neo

110 2285 200 2336 tamen
218 2281 374 2353 despicatui
391 2299 453 2338 esse
471 2282 571 2337 aulicis
589 2299 690 2354 passus
706 2289 758 2339 est.
798 2283 947 2336 Suetonius
964 2296 1024 2349 quo

110 2370 235 2437 tempore
250 2367 322 2421 lrauc
333 2367 512 2422 acerbitatem
527 2366 663 2438 principis
679 2370 812 2435 expertus
828 2369 872 2418 est
885 2362 1023 2433 quinqua-

110 2448 242 2518 genarios
270 2450 339 2519 fuit,
368 2451 499 2520 vitaeque
523 2450 597 2521 quod
623 2449 677 2504 luit
703 2448 839 2518 reliquum
865 2446 1025 2502 litterarum·

109 2532 202 2586 studio
219 2533 490 2604 conscribendisque
506 2534 588 2589 libris
605 2532 718 2588 dedisse
734 2531 853 2587 videtur.

170 2612 355 2671 Nouissimam
370 2616 428 2671 vivi
443 2619 611 2673 mentionem
623 2617 723 2670 tactam
738 2614 823 2671 video
837 2632 851 2669 a
863 2615 1025 2670 111101.

109 2701 192 2750 tone
208 2696 236 2750 in
256 2700 376 2770 epistula
392 2701 426 2755 ad
438 2701 473 2755 Μ.
486 2701 632 2756 Aurelium
647 2699 854 2755 adulescentem
870 2700 944 2767 data,
961 2699 1024 2752 edi-

110 2778 195 2834 tionis
207 2780 425 2839 mediolanensis
441 2792 543 2856 p.103.
560 2785 697 2839 Romanae
712 2786 814 2854 p.174,
829 2781 1025 2839 Berolinensis

109 2879 136 2934 p.
156 2868 197 2921 16.
233 2864 299 2919 Eam
318 2868 465 2937 epistulam
479 2866 629 2940 postremis
644 2867 775 2922 Hadriani
793 2868 872 2922 annis
890 2867 1027 2936 scriptam

113 2947 209 3001 statuit
226 2947 406 3020 NiebubriuS,
422 2953 543 3008 tortasse
559 2951 664 3006 rectius
680 2950 777 3020 primis
792 2951 832 3005 Pii
849 2949 1024 3022 temporibus

112 3030 266 3085 tribuisset.
311 3035 372 3089 Fuit
388 3037 498 3105 quidem
515 3034 618 3090 vetusti
640 3035 748 3090 codicis
764 3036 865 3106 pagina
883 3035 931 3090 illa
951 3033 1025 3088 adeo

113 3113 292 3185 oblitterata,
307 3123 337 3171 ut
351 3136 439 3189 pauca
454 3121 512 3190 legi
528 3118 670 3191 potuerint
686 3136 774 3190 eaque
790 3136 886 3192 parum
901 3117 974 3172 inter
990 3131 1025 3171 se

114 3199 303 3254 cohaerentia.
347 3203 449 3258 Verum
466 3221 526 3259 cum
542 3203 628 3258 verba
648 3211 747 3274 reputo
769 3198 958 3272 *Tranquilli
977 3201 1024 3253 in-

122 3281 248 3346 *lustriae
268 3286 318 3355 qui
328 3287 383 3339 nisi
394 3289 478 3343 sciret
490 3291 591 3359 quanto
608 3301 692 3356 opere
706 3302 750 3342 me
764 3289 906 3358 diligeres,
926 3285 1024 3339 volun·

160 3368 215 3422 iam
232 3367 283 3423 boc
299 3373 433 3439 nepo‘r‘nm
446 3373 499 3426 sibi
509 3386 657 3426 numerurm
671 3374 835 3442 expetisset,
852 3370 973 3441 itemque
988 3385 1025 3423 ea

180 3452 364 3494 omnnennrlrm
404 3458 587 3506 „bontra-rmu-
640 3493 646 3501 ,
674 3456 851 3498 'ducamine-
888 3471 949 3494 num
967 3449 1026 3502 [Μ’.
