2286 3862
181 123 264 173 xcvi
520 119 727 166 PRAEFATIO.

183 283 269 340 baec:
288 279 458 352 Explicit
479 279 740 351 praescriptae
762 277 962 356 1001010111
980 280 1101 340 dilfe.

183 366 324 422 rentiae
355 381 397 418 ex
427 364 523 419 libro
555 362 722 419 Suetonii
750 362 1023 431 'tranquillini
1047 368 1100 438 qni

183 449 400 505 inscribitur
417 447 563 504 Pratum.
596 446 663 501 lnde
675 462 729 516 ego
741 446 882 515 integrum
897 445 1019 504 titulum
1031 467 1100 505 0010-

72 537 75 543 “
183 535 264 606 00001
284 551 312 605 p.
328 538 390 599 306,
409 540 451 591 35.

247 618 291 671 Ad
322 617 518 671 emendandum
549 616 672 669 libellum
699 614 880 668 vehementer
911 615 1098 687 depravatum

184 702 360 758 contulerunt
384 701 507 754 nonnihil
531 701 602 754 duaa
617 696 835 753 differentiarum
858 698 1044 770 scriptiones
1066 705 1098 758 si-

183 785 330 853 millimae,
349 800 419 853 quae
440 785 538 838 eodem
559 782 655 838 codice
677 781 925 852 blontepessulano
951 786 1097 843 continen-

183 875 237 925 tur.
284 868 379 922 Altera
407 867 546 939 superiori
572 866 698 937 proxime
720 865 894 936 praecedens
916 865 963 923 ita
987 867 1096 943 incipit:

182 952 276 1008 ‘luter
292 951 425 1008 auxilium
441 957 468 1003 01
490 949 660 1021 praesidium
679 955 707 1003 et
727 946 899 1004 subsidium'
915 947 961 1007 ita
978 953 1093 1010 desinit:

182 1036 275 1091 ‘luter
289 1037 407 1090 ultorem
427 1039 453 1088 et
467 1033 603 1087 vindicem
620 1033 673 1087 boc
689 1033 821 1101 interest,
838 1032 912 1103 quod
929 1034 1095 1094 ulciscimur
1133 1078 1135 1083 -

182 1135 234 1175 nos
251 1124 365 1189 accepta
384 1116 500 1185 iniuria,
522 1115 693 1171 vindicamus
710 1132 744 1170 ne
761 1115 961 1187 accipiamus'.
1011 1119 1095 1178 tlara

183 1203 319 1257 remeius
342 1199 505 1271 scriptionis
520 1206 627 1271 partem
648 1199 736 1255 edidit
753 1217 778 1255 a.
798 1205 863 1259 1605
879 1199 963 1258 111100
978 1202 1095 1261 Pntscbe

182 1286 210 1340 in
234 1284 424 1341 Grammaticis
454 1284 512 1339 suis
539 1301 565 1356 p.
587 1290 656 1343 2203
676 1300 737 1354 sqq.
782 1282 956 1341 Postremum
989 1296 1096 1360 partem

182 1370 325 1442 supplevit
355 1385 390 1424 ex
418 1368 480 1440 ipso
510 1367 609 1423 codice
631 1369 723 1423 editor
745 1367 867 1437 catalogi
899 1385 992 1442 supra
1022 1373 1095 1428 citati

183 1460 276 1528 0112
293 1470 335 1524 sq.
355 1459 383 1507 et
398 1469 433 1508 011
449 1454 612 1524 apographo
623 1451 798 1507 Dorvilliauo
809 1450 1010 1510 Ferdinandus
1022 1452 1095 1513 Harl

182 1539 209 1592 in
225 1543 431 1610 programmate
448 1536 558 1590 lenensi
574 1553 598 1591 a.
617 1542 692 1594 1848.
729 1535 852 1589 Alteram
868 1533 1094 1596 differentiarum

183 1623 325 1690 syllogen,
339 1636 410 1691 quae
425 1621 462 1674 ita
479 1618 590 1690 incipit:
607 1619 702 1673 ‘Inter
717 1617 846 1689 polliceri
862 1624 889 1675 et
904 1622 1094 1693 promittere’

183 1711 211 1758 et
228 1703 330 1758 lsidori
347 1702 522 1772 Hispalensis
538 1717 601 1757 esse
616 1703 721 1771 fertur,
745 1703 825 1774 primi
845 1704 1000 1762 ediderunt
1017 1710 1096 1766 11100

181 1786 233 1841 bus
248 1786 283 1839 du
300 1786 381 1839 Breul
398 1800 457 1838 cum
473 1785 583 1840 isidoro
598 1785 684 1841 Paris.
702 1791 768 1845 1601
785 1786 978 1858 etliionysius
990 1791 1095 1851 Gotho

182 1869 278 1923 fredus
296 1868 323 1921 in
349 1868 538 1923 Grammaticis
560 1869 618 1925 suis
645 1875 774 1939 01602,
799 1871 878 1942 10000
894 1872 1097 1944 1100001011οο

182 1951 280 2006 codice
303 1968 378 2006 usus.
423 1951 489 2006 Eius
511 1953 600 2008 libelli
622 1969 675 2024 ago
700 1970 809 2025 quoque
829 1954 966 2012 maiorem
988 1969 1098 2032 partem

180 2033 274 2106 reperi
306 2035 332 2090 in
355 2034 454 2091 codice
478 2037 624 2092 Basiliensi
650 2038 981 2097 F11115·Saac.vllt.
1024 2044 1097 2102 Non-

182 2119 254 2174 nulla
272 2117 411 2176 Arcvalus
426 2122 551 2176 contulit.
866 2170 868 2175 ⁴
1133 2176 1135 2183 1

243 2205 338 2259 iamsi
356 2203 466 2276 quiade
485 2205 651 2262 auctoritate
672 2205 754 2262 buius
770 2204 860 2261 libelli
878 2217 1021 2281 quaerat,
1048 2214 1100 2269 boc
1133 2250 1135 2299 0

180 2287 296 2359 primum
311 2304 422 2359 moneo,
441 2290 530 2360 qualis
549 2297 592 2344 est
608 2290 690 2345 talem
709 2306 828 2360 000000
845 2289 986 2348 Suetonio
1004 2312 1100 2369 neque

181 2373 215 2428 ab
233 2372 289 2427 ullo
314 2380 410 2428 vetare
437 2374 575 2443 scriptore
597 2373 778 2443 compositum
803 2388 866 2428 0000
890 2390 998 2445 posse:
1022 2385 1099 2436 10011

182 2462 225 2511 001
249 2474 341 2512 101100
364 2458 582 2528 perscripturum
596 2456 755 2512 commixtio
772 2473 805 2511 ac
820 2457 1011 2528 perturbatio.
1054 2465 1099 2519 ’11-

182 2540 254 2595 tulus
268 2538 560 2609 dillerentiasquidem
578 2556 732 2594 sermonum
750 2540 899 2611 pollicetur
915 2547 945 2595 01
963 2551 1012 2600 001
1030 2564 1099 2603 sane

180 2623 268 2678 maior
287 2640 352 2693 pars
377 2621 436 2675 eius
454 2623 624 2692 argumenti,
647 2623 697 2678 sed
717 2623 930 2695 interponuntur
952 2633 1099 2698 permulta

180 2707 262 2776 plane
286 2706 390 2761 diversi
415 2706 545 2775 generis,
577 2707 611 2761 de
637 2707 871 2763 declinationibus
894 2711 1045 2769 nominum
1073 2722 1100 2770 01

181 2788 331 2843 verborum
345 2789 390 2844 vet
407 2790 441 2843 ad
458 2805 625 2844 cornmnnem
643 2790 774 2860 loquendi
791 2807 868 2846 usum
886 2791 931 2847 vel
949 2795 986 2850 ad
1002 2799 1099 2869 magi.

179 2875 300 2926 atrorum
315 2879 466 2944 praecepta
485 2873 650 2942 dirigendis,
667 2875 701 2928 de
721 2875 872 2943 generibus
887 2877 1047 2952 nominum,
1065 2883 1099 2938 de

179 2952 337 3022 originibus
352 2957 560 3026 vocabulorum,
576 2958 610 3010 de
622 2964 698 3012 recte
713 2955 903 3028 intelligendis
916 2963 1017 3018 verbis
1033 2967 1098 3038 qui-

180 3036 296 3091 busdam
318 3040 490 3109 rarioribus,
515 3057 602 3111 eaque
620 3049 673 3096 tam
689 3041 807 3099 disiecta
826 3049 853 3099 et
869 3045 948 3114 quasi
971 3047 1096 3106 fortuito

182 3119 283 3192 passim
299 3136 406 3192 sparsa,
424 3129 479 3177 tam
495 3125 613 3196 repetita
628 3142 739 3197 quoque
755 3127 798 3183 bis
812 3134 890 3183 terve
905 3135 989 3199 atque
1006 3134 1096 3189 etiam

184 3204 364 3274 repugnantia
379 3205 451 3260 inter
468 3225 510 3277 se,
528 3215 556 3262 nt
574 3217 678 3264 certum
691 3211 825 3281 quoddam
837 3211 981 3269 scribendi
998 3231 1095 3285 genus

186 3293 342 3359 certumque
367 3289 514 3360 scriptoris
541 3294 685 3348 consilium
705 3309 757 3347 non
776 3308 936 3366 agnoscas,
963 3299 1015 3354 sed
1042 3302 1096 3357 ad-

188 3370 310 3427 versaria
336 3373 468 3443 quaedam
495 3377 665 3446 perlustrare
691 3376 741 3431 tibi
759 3374 872 3430 videare
896 3380 1039 3449 privatum
1065 3384 1095 3442 in
