2286 3862
408 206 513 254 orvus
530 207 722 256 annuemus.
1021 200 1059 261 61

56 363 160 424 mutuis
173 363 278 438 iunxit,
303 360 534 440 promptissimus
555 363 701 424 affinitatis
724 365 864 443 cuiusque
885 372 972 444 atque
994 365 1061 426 ami-

59 450 143 508 citiae
159 446 332 507 conciliator
350 453 379 504 et
394 443 505 517 fau-ton
528 465 584 508 nec
597 448 684 508 aliter
700 447 854 509 universos
876 466 959 527 quam
974 467 1061 510 mem·

60 534 111 592 bra
127 532 277 611 partisque
292 530 406 608 imperii
424 548 515 591 curae·
526 531 640 610 babuit,
661 540 815 593 rectorem:
826 550 943 610 quoque
960 533 1062 593 solitus

59 633 212 696 apponere
226 622 321 675 aetate
338 614 435 692 parvis
451 623 499 675 aut
512 624 608 675 mente
624 615 732 695 lapsis,
747 615 842 677 donec
858 616 1063 678 adolescerent

30 711 107 762 saut
130 700 357 777 resipiscerent;
380 715 418 757 ac
436 697 622 776 plurimorum
644 698 755 760 liberos
777 710 807 760 et
830 701 964 761 educarit
980 700 1063 761 simul

59 804 123 845 curn
139 785 200 843 suis
215 791 245 842 et
260 781 387 841 institnit.

118 865 346 928 Exmilitaribns
363 866 458 946 copiis
473 866 608 943 legiones
622 876 651 927 et
667 866 773 927 auxilia
789 869 989 946 provinciatim
1008 866 1106 930 dis-49

57 952 171 1027 tribuit,
193 951 317 1011 classem
329 949 433 1011 Miseni
456 958 488 1010 et.
507 949 629 1010 alteram
642 951 800 1011 Ravennae
823 951 858 1010 ad
877 953 996 1012 tutelam
1011 953 1063 1012 Su·

57 1038 121 1115 peri
137 1044 166 1094 et
183 1034 272 1095 Inferi
287 1035 374 1094 maris
390 1034 571 1110 conlocarit,
596 1043 725 1094 ceterum
745 1053 894 1095 numerum
916 1037 1018 1112 partim
1036 1036 1064 1095 in

15 1144 48 1185 ro
58 1120 136 1181 urbis
152 1120 255 1198 partim
272 1119 300 1177 in
317 1118 361 1177 sui
376 1117 536 1178 custodiam
552 1118 677 1195 adlegit,
694 1119 811 1179 dimissa
830 1117 1064 1195 Calagurritano-

58 1225 119 1266 rum
134 1222 233 1280 manu,
252 1221 336 1281 quam
352 1220 444 1280 usqne
462 1203 498 1263 ad
514 1202 659 1264 devictum
672 1204 846 1280 Antonium,
864 1205 931 1262 item
948 1202 1064 1264 Germa·

57 1308 176 1365 norum,
202 1306 286 1366 quam
311 1304 404 1364 usque
430 1286 467 1346 ad
493 1287 605 1348 cladem
624 1288 779 1349 Varianam
803 1289 878 1347 inter
902 1288 1065 1364 armigeros

60 1375 139 1433 circa
154 1390 186 1431 se
200 1370 351 1430 babuerat.
390 1369 494 1447 Neque
517 1380 611 1430 tamen
633 1390 765 1449 umquam
789 1372 889 1448 plures
905 1389 989 1448 qnam
1004 1381 1065 1431 tres

62 1456 199 1517 cobortes
224 1455 253 1512 in
274 1453 345 1512 urbe
368 1471 436 1512 esse
459 1471 562 1530 passus
588 1462 633 1512 est
648 1472 757 1532 easque
776 1456 839 1514 sine
857 1456 976 1530 castris,
998 1454 1065 1512 reli·

20 1559 51 1600 as
62 1557 134 1619 quas
151 1539 180 1596 in
194 1537 315 1598 hiberna
330 1546 360 1597 et
377 1537 488 1598 aestiva
505 1538 582 1597 circa
598 1537 715 1598 finitima
738 1536 846 1616 oppida
863 1538 1005 1595 dimittere
1021 1550 1065 1595 as·

60 1631 166 1685 suerat.
208 1621 350 1702 Quidquid
374 1629 469 1682 antem
495 1622 603 1700 ubique
633 1621 751 1681 militum
776 1629 871 1698 esset,
898 1619 932 1678 ad
959 1627 1066 1680 certam

60 1707 270 1786 stipendiorum
290 1708 542 1785 praemiorumque
568 1706 719 1767 formulam
747 1705 915 1779 adstrinxit,
942 1703 1065 1765 delinitis

60 1810 114 1873 pro
131 1790 223 1870 gradu
238 1792 379 1871 cuiusque
394 1801 424 1850 et
440 1791 620 1870 temporibus
637 1791 756 1851 militiae
778 1799 807 1849 et
822 1789 982 1850 commodis
999 1789 1064 1850 mis·

60 1879 188 1952 sianum,
212 1895 249 1936 ne
270 1885 318 1935 aut
341 1885 437 1936 aetate
462 1884 510 1936 aut
525 1878 623 1955 inopia
638 1884 705 1955 post
725 1876 892 1935 missionem
913 1872 1064 1934 sollicitari

17 1979 48 2021 2⁰
59 1962 94 2023 ad
113 1979 162 2020 res
184 1977 277 2019 novas
299 1969 429 2038 possent.
466 1960 564 2038 thue
586 1969 729 2038 perpetuo
754 1977 789 2019 ac
812 1960 873 2019 sine
895 1957 1065 2018 dillioultate

59 2053 189 2123 sumptus
209 2043 244 2104 ad
260 2043 382 2103 tuendos
399 2061 452 2102 eos
468 2043 750 2123 prosequendosque
772 2051 961 2122 suppeteret,
983 2060 1063 2104 aera-

58 2131 130 2189 rium
145 2127 268 2187 militare
287 2146 350 2187 cum
365 2128 559 2204 vectigalibus
575 2129 659 2188 novis
676 2128 832 2188 constitnit.
891 2137 893 2140 ⁴

122 2212 160 2272 Et
185 2228 242 2290 quo
268 2211 393 2272 celerius
414 2230 449 2272 ac
471 2211 523 2272 sub
546 2231 657 2272 manum
680 2211 839 2272 adnuntiari
865 2212 1064 2290 cognoscique

61 2306 177 2378 posset,
202 2295 269 2374 quid
290 2297 318 2356 irr
336 2297 485 2375 provincia
509 2315 625 2375 quaque
638 2305 806 2374 gereretur,
828 2297 949 2355 iuuenes
971 2296 1064 2374 primo

20 2382 180 2442 asmodicis
198 2381 359 2442 intervallis
376 2399 430 2460 per
447 2381 577 2442 militaris
591 2383 668 2458 vias,
692 2380 796 2440 debinc
818 2378 952 2440 vehicula
967 2378 1064 2456 dispo·

60 2468 124 2527 suit.
161 2464 347 2526 Commodius
363 2466 391 2525 id
407 2468 498 2526 visum
515 2475 575 2543 est,
599 2467 692 2544 utqui
707 2465 810 2525 aloco
827 2465 977 2545 perierunt
990 2464 1065 2523 litte·

59 2571 123 2628 ras,
141 2551 315 2628 interrogari
335 2568 468 2630 quoque,
484 2553 508 2611 si
526 2550 593 2630 quid
607 2568 656 2610 res
673 2551 807 2628 exigant,
825 2550 947 2629 possint.
974 2547 1007 2608 ln
1023 2547 1107 2607 dito

60 2633 233 2715 plomatibus
254 2634 422 2715 libellisque
448 2645 481 2696 et·
502 2636 641 2715 epistolis>
657 2633 805 2712 signandis
830 2635 910 2694 initio
940 2631 1064 2712 sphinge

60 2739 128 2780 osus
156 2729 220 2796 est,
243 2736 315 2780 mox·
340 2722 465 2798 imagine
492 2720 590 2797 blagni
617 2718 790 2796 Alexandri,
817 2719 973 2779 novissime
1003 2735 1063 2791 sua,

24 2822 51 2860 so
60 2803 241 2864 Dioscuridis
254 2822 339 2864 mann
355 2805 484 2885 sculpta,
507 2823 562 2883 qua
578 2805 698 2882 signare
714 2804 837 2864 insecuti
853 2818 970 2882 quoque
986 2802 1063 2880 prin·

61 2890 143 2965 cipes
167 2898 401 2966 perseverarunt.
440 2889 487 2949 Ad
510 2889 655 2968 epistolas·
673 2888 764 2948 omnis
786 2888 919 2949 horarum
946 2902 1063 2965 quoque

59 2979 203 3032 momenta
218 2990 274 3032 neo
292 2972 350 3032 diei
365 2973 450 3034 modo
471 2973 523 3034 sed
540 2983 568 3033 et
589 2972 702 3050 noctis,
725 2972 828 3051 quibus
850 2972 934 3033 datae
955 2970 1063 3047 signifi·

61 3064 209 3134 curentur,
227 3055 360 3117 addebat.

123 3137 301 3201 Clementiae
318 3142 518 3220 ciuilitatisque
534 3143 596 3203 eius
617 3143 704 3203 multa
726 3151 755 3202 et
775 3159 880 3219 magna
894 3139 1064 3200 documenta
1072 3152 1104 3204 51

23 3243 49 3284 as
61 3235 133 3285 sunt.
168 3224 216 3285 Ne
229 3243 409 3305 enumerem,
426 3235 496 3306 quot
510 3235 539 3288 et
554 3245 629 3306 qnos
646 3227 824 3288 diversarum
841 3226 963 3305 partium
979 3225 1064 3284 venia

60 3319 88 3369 et
104 3310 301 3370 incolumitate
317 3310 438 3372 donatos
454 3312 616 3390 principem
635 3313 719 3371 etiam
734 3313 763 3370 in
780 3311 897 3371 civitate
911 3308 1007 3367 locum
1022 3317 1063 3368 te·

60 3412 129 3453 nere
151 3413 255 3474 passus
278 3397 329 3456 sit:
356 3395 466 3457 Iunium
485 3396 629 3457 Nouatum
652 3405 680 3455 et
699 3394 832 3456 Cassium
854 3392 1020 3453 Patauinum
1047 3411 1063 3452 e

61 3477 148 3558 plebe
165 3478 296 3540 homines
322 3481 442 3542 alterum
466 3482 605 3562 pecunia,
627 3481 749 3543 alterurn
770 3480 829 3539 levi
851 3476 939 3538 exilio
961 3479 1063 3556 punire
