2286 3862
113 184 175 246 272
208 194 238 243 c.
258 192 451 242 suanourus
468 189 711 250 unsuonmtus
723 188 770 237 aa
785 170 1034 242 ananoarans.

181 348 298 414 Reliqua
312 347 510 399 desiderantur.
545 345 700 410 Supersunt
712 348 806 397 umen
816 344 848 395 in
863 344 961 398 indias
974 351 1129 413 praemisso

114 420 225 472 nomina
246 416 384 468 rhetorum
401 416 541 478 undecim,
561 418 667 480 etpost
683 412 822 466 stellulsm
832 416 981 479 posuimus
994 432 1071 485 queo
1082 421 1129 472 Ηῑ.

115 503 259 553 anonymus
276 487 306 536 in
326 485 460 537 Chronico
477 484 542 534 hinc
560 483 705 547 decerpsit.

87 570 104 626 7
173 556 205 616 b.
227 553 341 616 Cestius
363 554 430 615 Pins
451 553 467 593 *
488 550 608 613 aaran
629 550 820 630 Summanu
841 548 988 617 taam
1001 555 1129 621 Romae

113 639 301 703 rhetoricam
312 637 418 699 docuit
434 632 532 721 (anno
549 635 589 696 ab
605 655 636 698 a.
654 654 680 697 c.
698 630 783 721 748).
1137 667 1143 693 .‹

85 739 105 794 8
177 725 215 786 lt.
232 724 354 786 Porcius
367 719 454 781 Latro
470 721 486 761 *
501 718 543 782 li.
555 718 685 782 Porciae
695 716 807 796 tono,
821 716 1118 787 Latinastlttlama·

116 815 182 885 tor‚
218 804 481 970 taeato)auptiois
512 811 688 884 quartanae
717 809 813 866 semet
839 804 948 884 ipsum
973 805 1121 887 micuit

135 908 165 953 a.
187 900 253 953 750.
273 897 356 951 751.

86 889 133 1044 9(
180 975 215 1050 Q.
233 974 347 1036 Curtius
360 973 486 1033 liuius*

74 1074 109 1127 ιο
182 1060 213 1120 b.
228 1058 362 1120 Valerius
377 1056 558 1118 Primanus*
1130 1078 1143 1117 i

74 1158 107 1210 11
182 1143 338 1220 Verginius
352 1141 489 1200 Flavus*

74 1237 109 1292 12
181 1226 211 1285 b.
235 1226 341 1285 Statius
363 1223 485 1285 Ursulus
500 1224 516 1264 *
531 1221 652 1284 Statius
676 1222 809 1285 Ursulus
832 1220 886 1309 (al.
903 1224 1118 1307 »imminuti

117 1305 283 1392 Surculus)
306 1306 479 1369 Tolosanns
494 1306 689 1369 celeberrime
702 1307 734 1369 in
749 1307 854 1369 Gallia
868 1309 1119 1374 rhetoricando·

117 1401 165 1456 cet
197 1410 227 1455 a.
242 1401 309 1454 818.
325 1400 407 1453 818.

74 1494 109 1543 lo
176 1391 208 1541 b.
223 1475 343 1539 Gladius
356 1389 510 1551 Qbirinalis
522 1478 538 1518 *
551 1474 679 1539 Gladius
689 1473 741 1561 (al.
756 1474 925 1563 Claudius)
941 1476 1142 1558 Quaenam

117 1564 222 1625 rbetor
232 1560 442 1638 Arelatensis,
456 1561 575 1622 liomae
586 1561 792 1641 inmanissime
803 1561 894 1623 aocet
908 1558 948 1647 (a
968 1573 1040 1626 797.
1054 1563 1119 1647 788).

75 1664 110 1723 14
182 1646 220 1707 ll.
236 1645 376 1706 Antonius
391 1645 531 1706 liberalis
547 1649 563 1688 *
578 1643 619 1706 li.
635 1642 786 1707 Antonius
800 1643 980 1726 Liberalis,
1005 1647 1123 1711 Latum

118 1733 234 1807 rhetor,
248 1746 380 1809 maanus
390 1729 569 1791 inimicitias
581 1749 648 1792 curn
661 1728 847 1793 Palaemone
862 1740 997 1796 exercet
1008 1731 1056 1820 (a.
1067 1742 1121 1796 801.

77 1918 111 1974 15
183 1900 253 1960 Sex.
266 1896 354 1957 lulius
369 1895 540 1958 Gabinianus
554 1897 776 1959 *Gabinianus
787 1897 988 1963 celeberrimi
1003 1901 1139 1966 nammis

119 1985 224 2047 rbetor
239 1981 271 2042 in
285 1980 397 2043 Galliis
408 1978 513 2042 docuit
527 1979 573 2064 (a.
592 1991 657 2043 888.
673 1979 757 2065 888).

78 2082 113 2140 15
183 2065 221 2125 ll.
235 2064 342 2126 Fabius
355 2065 544 2139 Quintilianus
559 2064 624 2127 *ti
633 2065 753 2127 Fabius
765 2062 986 2141 Quintilianus
1002 2071 1124 2139 Roman

120 2171 142 2216 a
153 2150 257 2213 Galba
265 2149 449 2229 perducitur
461 2147 506 2234 (a.
521 2148 592 2235 821)
670 2149 904 2228 Quintilianus,¹
917 2170 960 2214 en
972 2154 1125 2235 Hispania

122 2235 401 2317 autopat-rannus,
427 2235 480 2314 qui
496 2235 617 2312 primus
631 2234 751 2298 Romae
764 2234 923 2315 publicam
937 2239 1085 2302 sobolom
1104 2244 1127 2300 et

119 2321 272 2385 salarium
283 2338 306 2463 ἶ
320 2320 396 2445 fisco
413 2318 548 2397 accepit,
565 2319 679 2381 claruit
693 2317 738 2404 (a.
757 2319 947 2402 838-848).

78 2417 111 2474 17
178 2406 266 2466 lulius
308 2404 350 2462 iro

190 2503 280 2553 Minus
298 2507 373 2553 certe
389 2502 440 2553 fide
456 2501 524 2555 haec
541 2517 646 2568 quoque
663 2502 728 2554 hinc
744 2503 832 2568 petita
849 2501 1066 2556 existimantur:

185 2589 304 2648 Nicetes
332 2597 361 2647 et
385 2587 518 2664 Hybreas
545 2597 573 2648 et
592 2588 763 2650 Theodorus
788 2597 817 2648 et
836 2586 931 2648 Plutio
957 2588 1123 2651 nobilissimi

121 2674 191 2732 artis
208 2672 373 2732 rhetoricae
392 2672 496 2733 Graeci
513 2682 723 2753 praeceptores
738 2671 888 2733 habentur.
919 2668 1124 2756 Hieronymus

120 2756 152 2816 in
170 2753 324 2818 Chronico
342 2755 386 2816 ad
400 2773 513 2817 annum
530 2756 570 2818 ab
584 2777 615 2818 a.
633 2777 658 2820 c.
677 2765 744 2818 724.
1133 2796 1134 2799 =

183 2838 283 2900 Isaeus
299 2839 398 2901 rhetor
415 2841 468 2900 fuit
540 2841 616 2902 illius
632 2842 783 2921 temporis,
800 2839 881 2902 ouius
897 2849 928 2902 et
943 2838 1124 2925 Tranquillus

120 2924 254 2985 meminit.
300 2922 429 2987 Sabalia
444 2924 489 2986 ad
499 2921 639 2988 turmot.
658 2934 691 3000 3,
711 2935 759 2987 74.

512 3221 736 3236 *Μαι-ιιι-
