2286 3862
121 200 181 262 192
225 201 619 261 c.sunrou1nnnuo.1>u
635 200 717 258 vrrs
730 198 998 249 cunsnnouuue.
1013 200 1064 249 rr.

120 361 335 428 tarumomrss'e
354 378 386 421 m
408 358 559 419 theatrum
579 355 745 432 affirmarit,
768 354 800 415 ei
819 372 878 434 per
904 351 1071 415 Vindicate
1091 353 1124 417 ll

78 455 335 610 qpmldostquam
355 525 458 589 deiude
481 526 566 585 etiam
586 521 704 585 Galbam
727 530 757 582 et
775 520 933 602 Hispanias
956 521 1122 583 descivisse

121 617 275 695 cognovit,
298 610 454 690 conlapsus
475 609 625 688 animoque
649 606 724 667 male
746 606 841 667 fracto
857 607 905 667 diu
919 607 987 667 siue
1002 623 1075 667 voce
1089 616 1120 666 et

120 718 215 780 prope
229 699 433 757 intermortuus
448 695 551 770 iacuit,
570 701 658 770 utque
674 690 803 770 resipit,
820 699 903 751 veste
917 690 1049 767 discissa,
1066 707 1133 753 ott-t

119 785 180 865 pite
200 779 428 857 converberato‚
450 784 553 839 actem
567 775 606 836 tc
621 793 655 836 ae
670 776 877 854 pronuntiavit,
895 774 1114 853 consolantique

119 865 281 927 nutriculae
305 872 333 924 et
354 863 418 924 aliis
442 879 560 941 qnoque
585 861 641 920 iam
661 858 840 939 principibus
855 859 963 921 similia
978 858 1118 921 accidisse

119 949 303 1025 memoranti,
327 964 362 1007 ae
381 964 455 1007 cero
474 952 604 1025 praeter
624 950 743 1005 caimos
756 943 901 1005 inaudito
920 951 951 1006 et
963 942 1122 1024 inceptare

115 1034 187 1113 poti
196 1030 356 1110 respondit,
372 1032 582 1110 patremmeum
594 1027 754 1109 imperium
762 1028 853 1089 olous
867 1027 1032 1091 emitteret.
1061 1026 1123 1087 Nec

119 1135 156 1178 eo
179 1117 268 1176 setius
295 1117 448 1192 quiequam
470 1131 508 1172 ex
533 1111 740 1174 cousuetudine
766 1112 851 1173 luxus
875 1121 965 1192 atque
992 1111 1139 1174 desidiaen

121 1201 215 1260 omisit
231 1197 279 1257 vel
295 1197 446 1266 imminuit;
465 1197 533 1276 quin
550 1199 654 1273 immo,
678 1213 742 1256 cum
763 1197 899 1276 prosperi
923 1195 1066 1276 quiddam
1089 1215 1123 1259 ex

120 1282 278 1361 provinciis
299 1281 456 1341 nuntiatum
478 1290 573 1358 esset,
597 1298 686 1359 super
706 1279 980 1342 abundantissimam
1003 1299 1124 1342 caenam

119 1365 258 1426 iocularia
275 1365 304 1423 in
319 1364 494 1425 delectionis
514 1363 604 1425 duces
627 1364 752 1425 carmina
772 1364 944 1445 lasciueque
964 1364 1123 1443 modulata,

120 1466 194 1528 quae
209 1448 299 1525 vulgo
315 1456 479 1526 notuerunt,
497 1449 582 1510 etiam
600 1448 790 1526 gesticulatus
805 1457 868 1519 est;
885 1467 922 1510 ae
941 1450 1123 1528 spectaculis

119 1532 224 1593 theatri
240 1532 314 1592 clam
328 1532 447 1609 inlatus,
470 1532 582 1594 cuidam
605 1533 724 1594 scenico
740 1531 867 1611 placenti
883 1534 1016 1595 nuntium
1038 1534 1122 1612 misit,
1141 1572 1143 1575 ·

120 1614 208 1676 abati
221 1633 288 1675 eum
303 1616 560 1694 occupationibus
576 1617 652 1677 rote.

77 1715 112 1770 43
182 1699 266 1759 Initio
282 1702 375 1760 statim
391 1701 542 1777 tumultus,
565 1700 650 1760 multa
672 1708 701 1761 et
717 1700 855 1778 inmania,
880 1719 983 1761 verum
994 1719 1060 1763 non
1077 1701 1121 1763 ab

119 1784 264 1843 horrentia
280 1801 296 1843 a
313 1792 413 1844 natura
428 1802 477 1843 sua
498 1783 625 1844 creditur
640 1783 817 1845 destinasse:
842 1802 1045 1847 successores
1062 1805 1121 1866 per·

120 1885 314 1944 aussoresque
335 1868 511 1927 summittere
534 1869 679 1928 exercitus
704 1877 733 1928 et
748 1868 914 1946 provincias
935 1870 1120 1947 regentibus,

119 1951 201 2029 quasi
223 1950 395 2028 conspiratis
421 1950 555 2030 idemque
582 1961 611 2011 et
636 1969 720 2011 unum
748 1952 952 2023 sentientibus;
979 1952 1140 2035 quidquido

118 2034 224 2112 ubique
240 2033 368 2111 exulum,
392 2034 529 2114 quidquid
544 2038 573 2095 in
589 2034 661 2095 urbe
679 2035 823 2096 bominum
839 2034 1067 2100 Gallicanorum
1081 2056 1120 2101 es

119 2127 164 2177 set
179 2118 380 2177 contrucidato
399 2119 481 2198 (illos
496 2137 532 2179 ue
549 2118 782 2180 desciscentibus
797 2120 1056 2202 adgregareutur‚
1072 2124 1121 2185 boe

118 2210 147 2262 ut
160 2203 296 2261 conscios
310 2202 492 2280 popularium
507 2222 623 2265 suorum
635 2213 722 2283 atque
733 2203 863 2264 lautores
873 2204 897 2282 ;)
912 2202 1029 2267 Gallias
1042 2226 1121 2269 exer·

119 2286 221 2346 citibos
235 2284 411 2364 diripiendas
425 2287 606 2365 permittere;
620 2297 750 2348 senatum
761 2290 926 2348 universum
938 2307 1122 2373 venenoper

118 2371 249 2429 convivia
262 2387 384 2439 necare;
401 2370 501 2430 urbem
513 2371 679 2448 incendere,
698 2371 769 2431 ieris
781 2372 810 2431 ln
822 2374 962 2452 populum
974 2374 1121 2453 immissis,
1132 2398 1133 2402 ¹

117 2471 175 2533 quo
191 2453 336 2513 difficilius
352 2453 587 2515 defenderentur.
617 2455 676 2516 Sed
686 2455 857 2517 absterritus
871 2474 929 2517 non
944 2466 1005 2518 tem
1023 2461 1121 2539 paeni·

116 2539 203 2597 tentia
213 2555 297 2617 quam
305 2539 474 2617 perficiendi
484 2537 696 2617 desperatione,
707 2538 889 2620 credensque
898 2541 1122 2620 expeditionem

115 2622 327 2699 necessariam,
344 2623 481 2682 consules
500 2632 565 2683 ante
584 2632 697 2703 tempus
712 2625 837 2702 privavit
852 2626 965 2685 bonore
981 2636 1077 2708 atque
1094 2628 1121 2688 lu

94 2705 263 2784 'utriusque
287 2706 383 2765 locum
404 2706 485 2765 solus
507 2709 568 2766 iniit
588 2708 782 2785 consulatum,
809 2711 892 2788 quasi
911 2708 1006 2772 fatale
1030 2722 1119 2789 esset,

115 2803 172 2845 non
187 2804 276 2864 posse
295 2788 402 2852 Gallias
418 2789 559 2850 debellari
576 2792 663 2851 nisia
685 2809 717 2851 se
740 2793 870 2853 consule.
901 2793 947 2853 Ae
968 2799 1119 2879 susceptis
1131 2819 1142 2839 ¹*

111 2869 259 2946 fascibus,
288 2883 443 2954 cumpost
469 2874 571 2952 epulas
598 2875 722 2935 triclinio
753 2875 971 2956 digrederetur,
1003 2879 1120 2942 innixus

113 2953 220 3013 umeris
242 2954 437 3037 familiarium,
459 2958 628 3037 affirmavit,
655 2959 747 3020 simul
769 2978 808 3021 oc
825 2960 962 3040 primam
983 2966 1118 3041 pronio-

114 3039 195 3098 dom
203 3038 364 3117 accipisset,
374 3042 517 3103 inermem
525 3062 559 3104 ae
569 3044 601 3105 r‘rs
612 3050 807 3122 conspectum
818 3045 1011 3107 ecerer'taum
1018 3049 1118 3129 prod·

113 3122 225 3183 iturum
245 3124 482 3204 necquicquam
504 3128 593 3189 eliud
613 3145 705 3208 quom
722 3126 879 3206 fleturum,
897 3133 1121 3216 revocatisque

114 3207 158 3265 ed
174 3206 395 3284 poenitentiam
417 3209 624 3288 defectoribus
644 3213 815 3292 insequenti
836 3214 886 3274 die
906 3213 1025 3277 loetum
1040 3218 1133 3281 iuter

114 3289 211 3351 laetos
233 3297 428 3352 cantatorum
444 3295 594 3374 epinicia,
618 3315 698 3376 qrree
717 3296 779 3357 iam
794 3316 875 3359 nuuc
889 3296 952 3360 stet
972 3303 1122 3383 comperti

113 3380 275 3451 oporteret.

72 3464 105 3521 te
168 3457 199 3520 ln
213 3459 410 3540 praeparanda
423 3464 608 3539 expeditione
621 3467 740 3544 primam
749 3483 846 3527 euram
856 3464 955 3529 babuit
967 3467 1122 3552 deligendi
