2286 3862
87 185 123 244 12
169 195 199 243 C.
216 192 364 242 SUETONI
380 190 507 250 TRANQ.
524 190 572 236 DE
586 189 669 236 VITA
686 186 873 236 cebsslttm
888 187 969 235 12113.
986 186 1013 234 1.

82 368 156 413 mam
176 348 305 425 redegit,
328 348 413 425 eique
430 345 497 382 ***
518 345 545 403 in
560 345 693 422 singulos
710 360 801 405 annos
822 340 972 421 stipendii
987 340 1103 401 nomine

84 435 225 514 inposuit;
245 432 421 506 Germanos,
438 430 486 508 qui
501 436 581 488 trans
597 428 729 490 Rhenum
744 426 890 503 incolunt,
909 426 1034 505 primus
1048 424 1103 485 llo·

83 535 229 580 manorum
251 523 340 594 ponte
364 514 507 574 fabricato
529 512 703 590 adgressus,
725 511 856 573 maximis
872 508 993 571 adiecit
1018 508 1104 569 cladi·

84 605 151 671 bus;
175 599 333 677 adgressus
350 608 396 659 est
412 606 442 657 et
456 595 608 656 Britannos
626 599 745 674 ignotos
763 604 862 671 antea,
886 594 1102 673 superatisque

84 686 222 768 pecunias
244 692 273 742 et
295 681 414 743 obsides
433 681 681 759 imperavit:,per
703 689 747 740 tot
767 686 928 739 successus
951 686 1024 755 ter,
1052 694 1117 745 neos

84 771 221 850 amplius,
244 766 396 827 adversum
420 782 516 825 casum
544 774 698 844 expertus:
726 765 755 822 iu
776 762 927 824 Britannia
952 762 1104 823 classevi

83 853 265 933 tempestatis
286 868 380 931 prope
401 848 569 927 absumpta,
592 858 621 908 et
642 850 670 908 in
688 847 779 910 Gallia
798 845 835 907 ad
852 846 1048 924 Gergoviam
1067 846 1104 906 le·
1126 874 1129 883 ·

84 941 173 1018 gione
188 935 268 1012 lusa,
285 944 315 995 et
329 937 358 994 in
375 933 581 996 Germanorum
598 933 702 993 linibus
719 931 828 991 l'iturio
846 939 877 991 et
893 928 1104 993 Aurunculeio

41 1029 75 1084 26
84 1022 190 1100 legatis
206 1038 260 1099 per
276 1020 395 1080 insidias
413 1019 517 1078 caesis.
561 1016 674 1077 Eodem
694 1016 838 1094 temporis
859 1016 962 1095 spatio
977 1022 1104 1076 matrem

85 1109 193 1188 primo,
217 1102 321 1164 deinde
337 1104 437 1177 liliam,
456 1118 512 1160 nec
527 1100 616 1160 multo
635 1108 703 1179 post
717 1108 854 1178 nepotem
871 1098 980 1159 amisit.
1027 1099 1121 1161 lutere
1141 1095 1143 1130 ³

85 1210 177 1270 qnae,
193 1195 378 1248 consternata
391 1183 474 1245 Publi
488 1182 573 1244 clodi
590 1184 681 1244 caede
696 1203 730 1244 re
746 1182 879 1263 publica,
895 1201 965 1244 cum
982 1190 1105 1244 senatus
1141 1211 1143 1222 ⁴

85 1292 170 1335 unum
191 1270 341 1331 consulem
361 1269 586 1348 nominatimque
608 1268 736 1331 Gnaeum
756 1267 928 1347 Pompeium
943 1268 1017 1328 lieri
1041 1286 1104 1329 cen·
1141 1295 1143 1318 τ

85 1359 207 1431 suisset,
225 1355 286 1432 egit
301 1374 365 1415 cum
379 1353 501 1414 tribunis
520 1353 615 1434 plebis
632 1353 778 1429 collegam
800 1370 833 1412 se
848 1352 1001 1430 Pompeio
1019 1351 1104 1413 desti·
1142 1395 1143 1408 ,

85 1440 234 1515 nantibus,
254 1439 283 1499 id
304 1440 401 1519 potius
417 1438 453 1499 ad
468 1438 608 1518 populum
623 1438 735 1497 ierrent
748 1444 779 1495 ut
793 1434 907 1498 absenti
923 1434 998 1513 sibi,
1017 1454 1104 1517 quan
1132 1430 1142 1523 ,'

85 1527 182 1605 doque
199 1526 312 1604 imperii
327 1533 441 1603 tempus
459 1524 574 1602 expleri
589 1522 751 1600 coepisset,
767 1522 870 1599 petitio
885 1520 1021 1581 secundi
1039 1538 1124 1583 con-u

86 1611 195 1671 sulatus
218 1609 350 1684 daretur,
372 1626 408 1667 ne
432 1626 467 1667 ea
491 1624 578 1666 eausa
599 1606 739 1666 maturius
761 1613 789 1664 et
810 1604 981 1683 inperfecto
1012 1605 1105 1667 adbuc

85 1694 166 1755 bello
182 1692 349 1753 decederet.
394 1689 479 1764 Quod
495 1698 524 1747 ut
539 1689 662 1768 adeptus
677 1696 738 1765 est,
761 1688 864 1749 altiora
880 1689 938 1748 iam
954 1691 1106 1752 meditans

87 1787 116 1839 et
141 1777 207 1854 spei
231 1776 335 1855 plenus
356 1773 464 1833 nullum
485 1773 648 1850 largitionis
676 1781 724 1833 aut
746 1773 910 1833 ciliciorum
941 1774 972 1832 in
1006 1792 1105 1855 quem

87 1878 171 1940 quam
192 1876 286 1937 genus
305 1857 422 1937 publice
446 1859 638 1935 privatimque
662 1858 768 1916 omisit.
811 1855 920 1917 Fomm
943 1856 985 1917 de
1006 1876 1105 1921 ιιιιιιιιι·Ι
1136 1870 1141 1927 ·;

87 1946 142 2004 biis
157 1942 319 2018 inchoavit,
345 1942 426 2001 cuius
449 1959 517 2002 area
537 1959 626 2019 super
650 1941 814 2000 sestertium
835 1942 931 2001 milies
955 1944 1128 2005 constitita

87 2029 188 2090 lluuus
210 2026 320 2105 populo
346 2026 521 2105 epulumque
542 2025 738 2105 pronuntiavit
759 2026 788 2084 iu
816 2026 893 2086 filiae
914 2029 1106 2103 memoriam,

89 2111 166 2191 quod
186 2120 252 2171 ante
274 2130 338 2171 eum
353 2127 449 2171 nemo.
494 2111 621 2187 Quorum
639 2118 669 2169 ut
686 2127 771 2188 quam
785 2110 907 2170 maxima
926 2102 1106 2190 expectatio

89 2204 184 2273 esset,
206 2214 240 2257 ea
263 2213 337 2274 quae
359 2196 395 2256 ad
417 2196 533 2274 epulum
554 2196 751 2275 pertinerent,
778 2195 907 2273 quamvis
930 2196 1107 2258 macellaris

88 2281 238 2357 oblocuta,
259 2283 344 2342 etiam
360 2281 569 2342 domesticatim
585 2278 755 2359 apparabat.
794 2277 985 2340 Gladiatores
1003 2290 1106 2357 notos,

88 2366 179 2427 sicubi
203 2366 316 2426 iniectis
339 2366 553 2444 spectatoribus
569 2364 751 2439 dimicarent,
774 2365 802 2422 vi
824 2362 988 2442 rapiendos
1005 2382 1132 2445 resep-c

88 2451 257 2528 vaudosque
278 2449 440 2509 mandabat.
485 2449 609 2509 Tirones
629 2465 725 2525 neque
740 2449 768 2505 in
788 2446 857 2508 ludo
871 2464 972 2526 neque
988 2466 1054 2528 per
1067 2450 1106 2511 lu-

88 2536 195 2608 nistas,
215 2531 267 2592 sed
283 2534 311 2591 in
326 2531 457 2592 domibus
473 2551 527 2611 per
544 2532 658 2610 equites
673 2532 821 2591 Romanos
837 2540 923 2609 atque
940 2534 1037 2595 etiam
1055 2552 1107 2614 per

89 2624 242 2676 senatores
257 2632 400 2674 armorum
413 2617 524 2692 peritos
540 2614 706 2691 erudiebat,
720 2615 858 2694 precibus
875 2615 1005 2695 enitens,
1026 2616 1106 2699 quod

90 2697 223 2777 epistulis
232 2699 294 2757 eius
304 2697 474 2775 ostenditur,
484 2708 513 2758 ut
521 2699 702 2778 disciplinam
715 2700 896 2777 singulorum
909 2702 1107 2781 susciperent

89 2783 205 2861 ipsique
225 2780 328 2842 dictata
349 2783 555 2843 exercentibus
577 2783 686 2844 darent.
722 2782 899 2861 legionibus
921 2786 1133 2864 stipendiunct

90 2868 118 2926 in
135 2876 307 2946 perpetuum
323 2865 490 2944 duplicavit.
535 2868 733 2944 Frumentum,
751 2868 887 2946 quotiens
903 2870 992 2947 copia
1007 2879 1105 2947 essct,

91 2954 177 3012 etiam
201 2952 263 3010 sine
282 2950 369 3011 modo
385 2969 577 3030 mensuraque
593 2951 740 3030 praebuit,
763 2971 798 3012 ac
820 2952 934 3030 singula
954 2954 1106 3017 interdum

48 3042 81 3097 tt
90 3037 231 3115 mancipia
248 3053 264 3095 e
281 3036 388 3115 praeda
403 3037 508 3095 viritim
523 3036 610 3097 dedit.
641 3035 687 3096 Ad
706 3036 885 3097 retinendam
899 3045 997 3097 autem
1017 3038 1106 3101 Pom·

91 3122 141 3200 pei
161 3120 403 3181 necessitudinem
421 3138 456 3181 ac
475 3121 652 3181 voluntatem
668 3119 817 3182 Octaviam
832 3121 943 3181 sororis
960 3140 1038 3185 suae
1054 3142 1105 3185 ne·

92 3213 186 3284 ptem,
204 3223 277 3285 quae
291 3205 362 3268 Gaio
374 3204 515 3265 Marcello
528 3215 615 3284 nupta
631 3216 709 3282 erat,
727 3205 926 3266 condicionem
942 3206 970 3265 ei
986 3205 1134 3285 detulitst

93 3287 206 3367 sibique
221 3290 308 3350 liliam
324 3290 387 3349 eius
401 3290 429 3347 in
445 3290 651 3350 matrimonium
666 3291 750 3369 petit,
766 3290 874 3350 Fausto
891 3289 991 3351 Sullae
1010 3291 1105 3354 desti·

93 3381 197 3432 natam.
242 3373 379 3434 Omnibus
398 3392 471 3433 vero
494 3376 571 3434 circa
592 3392 657 3432 eum
677 3383 765 3451 atque
786 3374 870 3433 etiam
892 3382 976 3452 parte
991 3392 1105 3455 magno

93 3465 209 3516 senatus
224 3459 351 3535 gratuito
373 3468 419 3519 aut
442 3457 501 3517 levi
515 3458 638 3517 icenore
653 3456 816 3534 obstrictis,
839 3475 878 3517 ex
892 3456 1010 3537 reliquo
1029 3478 1104 3541 qno·
