2334 3870
537 157 641 206 NERO·
1035 145 1094 210 183

159 313 244 374 Suam
260 311 374 392 quidem
390 310 553 391 pudicitiam
568 329 659 392 usque
676 313 751 374 adeo
766 315 922 393 prostituit,
943 324 973 375 ut
995 323 1137 380 conta-29

96 399 207 458 minatis
224 415 316 477 paene
334 395 465 455 omnibus
480 395 616 456 membris
630 397 788 459 novissimo
806 399 887 478 quasi
903 416 995 476 genus
1012 398 1092 459 lusus

98 483 289 559 excogitaret,
306 497 364 559 quo
385 480 467 539 ferae
490 478 568 558 pelle
589 491 741 542 contectus
763 482 944 543 emitteretur
964 500 981 542 e
1002 500 1092 552 cavea

97 568 279 644 virorumque
300 582 336 624 ac
358 563 526 623 feminarum
548 564 583 624 ad
608 566 734 645 stipitem
760 566 955 643 deligatorum
977 567 1093 643 inguina

73 649 256 725 sinvaderet,
272 657 300 707 et
323 666 386 707 cum
405 647 511 707 affatim
532 647 723 729 desaevisset,
745 652 940 711 conficeretur
960 667 976 710 a
999 648 1092 725 Dory-

95 734 191 811 phoro
205 733 327 801 liberto;
346 733 390 791 cul
407 731 502 808 etiam,
519 732 593 791 sicut
609 734 667 811 ipsi
681 733 804 813 Sporus,
819 737 859 796 ita
870 736 935 813 ipse
948 733 1092 811 denupsit,

94 834 188 876 voces
205 833 320 895 quoque
336 824 366 875 et
379 815 522 876 heiulatus
536 817 593 875 rim
611 817 776 895 patientium
796 819 939 896 virginum
958 818 1092 877 imitatus.

95 898 142 959 Ex
155 899 301 960 nonnullis
309 900 440 979 comperi
452 901 702 978 persuasissimum
713 900 849 962 habuisse
860 920 935 979 eum,
946 901 1094 964 seminem

94 983 243 1044 bominem
257 982 402 1063 pudicum
415 990 472 1044 cot
482 984 549 1045 ralla
563 984 707 1063 corporis
716 991 811 1063 parte
819 1003 933 1063 purum
950 1003 1027 1061 erae,
1041 1001 1091 1045 oe·

58 1087 162 1132 rorum
189 1067 355 1147 plerosque
379 1067 579 1129 dissimulare
600 1068 709 1130 citium
735 1075 766 1130 et
792 1068 907 1130 callide
931 1073 1073 1147 optegere
1078 1091 1094 1138 ,-

92 1151 218 1230 ideoque
235 1151 378 1230 professis
394 1152 470 1232 apud
486 1171 520 1212 se
536 1154 746 1214 obscenitatem
768 1162 867 1214 cetera
887 1169 1003 1231 quoquc
1027 1167 1094 1210 con·

94 1236 222 1296 cessisse
237 1235 352 1296 delicta.

155 1317 324 1378 Diuitiarum
340 1327 369 1376 ct
383 1322 525 1395 pecuniae
540 1322 662 1380 fructum
679 1339 737 1381 non
759 1322 844 1382 alium
867 1321 985 1400 putabat
1007 1338 1091 1399 quam
1101 1323 1137 1380 3⁰

96 1401 305 1479 profusionem,
322 1399 470 1459 sordidos
485 1418 525 1460 cc
538 1401 693 1479 deparcos
714 1420 783 1463 esse
804 1403 916 1483 quibua
936 1404 1092 1480 impersc-

58 1502 164 1548 sarem
182 1482 266 1543 ratio
290 1487 456 1556 constaret,
476 1484 662 1559 praelautos
687 1500 818 1563 aereque
841 1485 1023 1564 magnificos
1043 1484 1096 1561 qui

97 1566 298 1627 abuterentur
312 1583 353 1626 cc
365 1564 539 1644 perderent.
583 1565 728 1626 Laudabat
743 1568 954 1646 mirabaturque
970 1583 1094 1625 avuncu-

96 1651 153 1709 lum
170 1649 268 1711 Gaium
283 1649 363 1709 nullo
378 1650 471 1731 magis
488 1653 614 1728 nomine,
630 1668 714 1729 quam
733 1649 810 1729 quod
832 1651 958 1728 ingentis
976 1668 992 1709 a
1010 1647 1094 1710 Tibe·

95 1736 140 1795 rio
163 1733 281 1794 relictas
303 1752 377 1813 opes
398 1737 426 1794 in
446 1734 530 1795 brevi
554 1735 647 1814 spatio
672 1734 868 1814 prodegisset.
914 1734 1011 1808 Quare
1039 1749 1095 1792 nec

95 1817 237 1894 largiendi
252 1836 308 1878 nec
323 1818 490 1879 absumendi
506 1819 620 1880 modum
637 1820 736 1880 tenuit.
779 1819 812 1879 In
829 1817 1000 1893 Tiridatem,
1019 1815 1095 1895 quod

54 1903 145 1962 aovin
162 1902 302 1962 credibile
320 1903 460 1980 videatur,
477 1905 632 1981 octingena
648 1921 790 1964 nummum
809 1903 886 1962 milla
910 1902 1008 1962 diurna
1030 1916 1095 1959 ero·

94 1987 175 2063 gavit
191 1985 366 2064 abeuntique
381 2006 470 2066 super
485 1989 647 2048 sestertium
662 1988 757 2049 milies
773 1987 902 2048 contulit.
946 1986 1095 2046 Menecra-

94 2079 144 2129 ten
160 2069 356 2130 citharoedum
370 2078 400 2130 et
415 2071 563 2149 Spiculum
574 2072 784 2146 myrmillonem
796 2071 1005 2151 triumphalium
1018 2069 1094 2129 viro·

94 2172 156 2213 rum
171 2155 349 2232 patrimoniis
371 2153 549 2234 aedibusque
570 2154 695 2216 donavit.
741 2155 984 2234 cercopithecum
1003 2153 1093 2214 Panc-

94 2246 189 2296 rotem
203 2237 409 2316 feneratorem,
427 2246 457 2299 et
471 2238 587 2299 urbanis
602 2240 774 2319 rusticisque
790 2240 917 2319 praediis
932 2235 1094 2314 locupleta·

54 2346 86 2386 aa
96 2331 165 2399 tum,
181 2340 276 2401 prope
292 2325 376 2400 regio
393 2322 496 2383 extulit
510 2322 622 2383 funere.
665 2322 780 2384 Nullam
794 2333 906 2384 vestem
928 2321 973 2381 bis
994 2318 1093 2379 induit.

97 2405 311 2483 Quadringenis
325 2409 353 2466 in
369 2416 505 2486 punctum
522 2407 666 2467 sestertiis
681 2408 775 2468 aleam
791 2408 867 2468 lusit.
902 2406 1034 2467 Piscatus
1050 2411 1095 2462 est

95 2497 159 2549 rete
178 2499 276 2550 aurato
292 2500 322 2551 et
338 2510 464 2572 purpura
487 2509 639 2570 coccoque
662 2491 776 2552 lunibus
799 2493 891 2552 nexis.
935 2489 1095 2567 Numquam

94 2574 187 2632 minus
201 2575 280 2634 mille
298 2577 425 2636 carrucis
440 2577 549 2636 fecisse
564 2576 619 2636 iter
634 2575 768 2652 traditur,
790 2578 880 2636 soleis
897 2574 1034 2635 mularum
1050 2589 1094 2632 ar·

94 2659 219 2735 genteis,
245 2660 418 2721 canusinatis
438 2659 621 2744 mulionibus,
640 2660 779 2721 armillata
800 2661 980 2737 lalerataque
1000 2657 1094 2717 hlasa-

54 2762 84 2805 ao
96 2759 160 2801 cum
173 2741 255 2803 turba
273 2753 359 2823 atque
375 2763 533 2806 cursorum.

158 2825 223 2886 Non
238 2828 266 2885 in
281 2827 338 2888 alia
352 2848 385 2889 re
399 2839 493 2890 tamen
509 2830 673 2891 damnosior
688 2849 771 2910 quam
787 2831 815 2888 iu
833 2825 1023 2901 aedificando,
1039 2823 1090 2885 do·
1101 2831 1137 2886 31

94 2928 170 2969 mum
186 2929 202 2970 a
218 2910 327 2972 Palatio
342 2911 488 2992 Esquilias
503 2933 594 2994 usque
610 2914 691 2990 lecit,
708 2933 791 2993 quam
808 2913 900 2990 primo
919 2909 1093 2970 transito·

95 2996 200 3069 riam,
216 3011 283 3053 mor
297 2996 430 3056 incendio
447 2998 625 3078 absumptam
640 2999 858 3076 restitutamque
878 3011 1024 3055 auream
1044 3007 1094 3050 no-

95 3079 221 3138 minavit.
257 3077 301 3137 De
318 3081 399 3139 culus
411 3083 505 3159 spatio
518 3091 603 3161 atque
616 3082 692 3141 cultu
705 3082 852 3142 suffecerit
864 3080 938 3140 haec
949 3075 1094 3137 retulisse.

57 3161 277 3222 acVestibulum
293 3164 355 3223 elus
372 3164 432 3241 luit,
450 3166 478 3223 in
495 3183 552 3244 quo
569 3165 702 3226 colossus
719 3165 799 3227 CXX
813 3164 917 3244 pedum
939 3168 1030 3220 staret
1052 3159 1086 3236 ip

96 3246 156 3305 sius
180 3246 294 3323 elligie;
315 3255 392 3308 tanta
408 3249 522 3326 laxitas,
539 3259 568 3309 ut
584 3251 714 3328 porticus
736 3250 868 3329 triplices
890 3245 1025 3306 miliarias
1045 3241 1088 3302 ho·

95 3328 193 3401 bcret;
210 3331 277 3389 item
296 3339 427 3409 stagnum
439 3333 524 3393 maris
539 3333 638 3411 instar,
655 3336 894 3412 circumsaeptum
908 3327 1048 3390 aediliciis
1059 3344 1088 3376 ar

94 3411 206 3474 urbium
222 3416 364 3494 speciem·
381 3437 382 3442 ¹
400 3435 446 3460 m
464 3418 599 3476 iomar.
616 3420 693 3478 arvis
715 3428 800 3484 arque
822 3417 926 3474 ·-‘netis
953 3421 982 3460 rt
998 3429 1088 3477 caer·-
