2286 3862
144 212 205 260 XVI
491 211 698 259 PRAEFATIO.

151 386 204 443 que
220 375 338 426 aetatem
355 384 444 441 usque
466 371 500 427 ed
515 369 624 443 imperii
640 367 721 425 initia
740 384 872 424 annorum
889 369 990 424 ordine
1007 387 1064 427 ex.

148 460 250 527 ponat,
273 459 329 508 tum
345 469 413 509 vero
435 470 527 510 mores
548 471 600 526 per
622 454 782 510 universum
805 451 915 523 imperii
937 454 1063 525 spatium

148 537 261 610 publice
277 535 462 609 privatimque
481 538 610 610 proditos
630 535 792 607 singillatim
806 551 897 607 acque
918 553 970 608 per
986 543 1063 593 tern-

149 637 218 694 pora
244 621 295 676 sed
316 636 367 693 per
384 621 496 693 species
511 621 643 677 virtulum
666 620 712 675 rel
732 619 864 675 vitiorum
886 627 1063 692 exsequntur

149 706 188 777 (p.
205 709 249 770 bil,
265 711 308 764 13.
326 709 376 773 41,
392 711 441 768 18;
455 710 505 775 65,
525 703 573 779 17)
590 704 710 774 denique
726 718 823 759 rursus
838 708 993 776 temporum
1003 712 1061 762 'or-

149 788 241 844 dinem
256 803 377 858 sequens
393 788 496 845 indicia
512 804 576 843 mox
592 788 702 843 futurae
717 787 814 843 mortis
831 786 979 859 ipsumque
995 789 1062 845 obi-

148 877 204 927 tunr
221 888 281 927 cum
298 873 455 928 testamenti
472 872 635 943 quibusdam
651 870 790 943 capitibus
806 877 927 926 enarret.
960 871 1062 944 Neque

150 961 239 1011 tamen
263 956 379 1011 eundem
401 973 511 1028 semper
535 955 661 1012 ordinem
682 954 711 1009 in
735 954 910 1026 explicandis
932 957 1060 1013 moribus

150 1040 290 1109 servavit,
313 1040 364 1096 sed
386 1040 434 1095 ubi
454 1056 500 1095 res
517 1039 660 1111 postulare
676 1037 738 1094 visa
756 1044 815 1108 est,
832 1038 879 1094 vel
900 1055 914 1094 a
934 1039 1060 1111 publicis

148 1124 196 1179 rel
214 1140 229 1179 a
244 1123 369 1196 privatis,
379 1123 502 1180 moribus
518 1122 627 1178 initium
644 1122 762 1194 sumpsit
777 1122 951 1194 primumque
965 1123 1059 1182 monn

149 1207 196 1261 rel
207 1207 360 1262 minoribus
371 1207 417 1262 vel
433 1205 584 1264 maioribus
599 1206 684 1262 rebus
700 1205 786 1262 dedit.
819 1204 871 1260 Per
883 1206 974 1263 omnia
985 1207 1060 1265 banc

150 1289 205 1344 sibi
221 1291 313 1359 legem
327 1288 479 1362 scripsisse
491 1291 619 1361 videtur,
640 1306 676 1345 ne
690 1290 746 1346 ulla
767 1288 796 1344 in
813 1305 845 1345 re
861 1288 998 1347 incertam
1014 1297 1059 1348 aut

149 1388 227 1429 suam
243 1379 289 1429 aut
304 1373 421 1429 aliorum
436 1375 595 1447 opinionem
617 1378 784 1446 sequeretur
798 1389 888 1444 neque
904 1373 1056 1448 interposi-

148 1456 186 1512 tis
204 1456 437 1528 disputationibus
452 1458 586 1514 lectcrum
603 1459 710 1515 animos
722 1461 915 1530 praepararet,
932 1457 984 1514 sed
996 1458 1058 1515 ubi-

150 1555 204 1612 que
220 1542 347 1613 exempla
368 1542 508 1599 luculenta
523 1547 695 1614 proponeret
715 1556 818 1612 resque
839 1541 925 1597 rebus
940 1543 1058 1598 coniun-

149 1631 239 1695 geret.
284 1624 365 1680 Adde
385 1626 481 1681 miram
501 1625 643 1680 scribendi
663 1623 829 1680 brevitatem
851 1624 1052 1695 verborumque

147 1706 362 1778 parcimoniam,
377 1712 405 1760 et
420 1707 563 1776 intelliges
579 1713 656 1762 recte
675 1706 731 1762 dici
749 1707 861 1776 solere,
876 1707 1054 1763 nullumders

148 1789 314 1860 scriptorem
328 1794 383 1843 tana
405 1789 509 1860 exiguo
526 1790 600 1846 libro
616 1795 718 1846 tantam
739 1807 830 1845 rerum
853 1790 1057 1847 multitudinem

148 1887 181 1927 ac
196 1877 238 1927 tot
249 1871 388 1943 exquisita
400 1873 504 1928 veteris
516 1872 652 1929 historiae
669 1880 696 1929 et
707 1874 782 1929 vitae
799 1875 964 1931 documenta
979 1891 1058 1931 cour-

146 1954 339 2027 prehendisse.

209 2038 325 2095 Dicendi
340 2056 527 2111 genereusus
546 2047 589 2097 est
606 2041 725 2113 simplici
737 2057 770 2098 ac
780 2059 862 2114 puro,
878 2042 983 2098 nullam
996 2043 1058 2098 fera

151 2122 307 2192 elegantiae
325 2124 434 2181 leudem
455 2124 603 2182 allectante
625 2125 679 2180 nisi
696 2124 815 2196 singulis
831 2126 859 2181 in
876 2125 972 2183 verbis
989 2142 1059 2198 pro·
1096 2157 1103 2187 ,ι

150 2206 307 2278 prietatem,
326 2208 353 2263 in
369 2209 469 2265 iunctis
484 2209 722 2283 perspicuitatem.
768 2209 911 2266 Praesenti
929 2215 1059 2282 tempore

150 2292 185 2346 de
200 2293 361 2363 praeteritis
377 2293 460 2350 rebus
478 2294 621 2351 rarissime
639 2310 705 2349 usus
720 2298 778 2362 est,
793 2298 823 2346 ut
838 2308 866 2363 p.
883 2297 916 2360 9,
934 2299 976 2350 11.
993 2298 1057 2363 aot,

147 2380 191 2435 27.
227 2375 283 2432 Sed
298 2377 366 2433 nulli
381 2378 477 2434 virtuti
491 2394 581 2450 aeque
599 2394 632 2433 ac
646 2375 778 2434 brevitati
794 2375 913 2431 inservit
929 2376 965 2431 ob
981 2392 1059 2433 eam-

149 2476 202 2530 que
218 2476 328 2515 causam
343 2461 403 2515 eius
420 2461 560 2529 Caesaris,
576 2460 655 2515 cuius
669 2461 752 2517 vitam
767 2458 877 2528 scribit,
895 2475 995 2515 nomeu
1011 2475 1057 2517 ra-

150 2542 261 2597 rissime
274 2543 353 2612 ponit
365 2550 392 2596 et
407 2543 554 2614 participia
567 2560 637 2599 unus
651 2545 769 2600 omnium
784 2544 903 2599 maxime
918 2559 973 2598 aon
986 2559 1058 2599 con-

148 2624 294 2679 temnenda
313 2631 371 2680 arte
388 2625 554 2697 frequentat.

75 2707 139 2797 zm·
212 2706 260 2763 llis
278 2708 364 2778 igitur
379 2710 527 2766 virtutibus
543 2726 603 2765 cum
616 2709 804 2766 Suetonianae
815 2708 965 2766 Caesarum
979 2709 1057 2766 vitae
1101 2706 1103 2713 '

79 2831 86 2845 .
151 2792 423 2862 commendarentur,
460 2794 611 2850 mirandum
641 2808 711 2848 non.
728 2800 770 2847 est
804 2809 904 2863 magno
934 2793 1059 2848 omnium
1101 2819 1103 2849 ι

150 2876 250 2948 plausu
275 2891 338 2930 esse
356 2881 499 2947 exceptas.
539 2875 606 2930 llam
622 2891 677 2930 non
696 2877 777 2930 modo
794 2876 957 2945 frequenter
973 2877 1058 2932 lecti·
1101 2852 1103 2902 ¹

150 2964 224 3014 tatae
246 2965 273 3012 et
294 2975 309 3013 a
330 2959 535 3031 posterioribus
564 2957 725 3026 historicis,
756 2958 816 3014 sive
837 2954 973 3029 pristinae
995 2961 1059 3017 sive

151 3040 325 3098 Christianae
348 3041 481 3111 religioni
502 3041 603 3096 addicti
621 3040 749 3113 fuerunt,
769 3049 920 3116 excerptae
946 3050 974 3098 et
995 3043 1060 3100 imi-

151 3125 235 3181 tando
250 3141 403 3196 expressae
419 3131 491 3194 sunt,
509 3126 620 3180 sedvel
637 3125 671 3180 ad
685 3124 806 3183 Graecos
823 3133 1013 3200 pervenerunt
1032 3134 1060 3184 ct

150 3225 202 3281 per
225 3215 309 3264 totam
331 3209 447 3265 mediam
473 3214 591 3265 aetatem
612 3209 640 3264 ia
664 3226 714 3265 usa
739 3227 803 3267 esse
824 3228 877 3267 noa
902 3208 1058 3267 desierunt.

152 3291 303 3363 Colligenti
326 3299 450 3349 veterum
472 3293 639 3365 scriptorum
662 3294 742 3350 locos
762 3296 807 3352 vel
830 3292 990 3351 nominatim
1012 3295 1059 3350 vel

150 3375 235 3433 tacite
248 3376 408 3449 Tranquillo
420 3378 530 3435 debitos
545 3378 701 3451 apparebit,
718 3379 819 3434 nullam
835 3379 894 3435 fere
907 3376 1066 3457 Caesarum*

149 3459 279 3532 paginam
310 3462 477 3519 testimoniis
508 3460 712 3532 insequentium
740 3464 906 3535 scriptorum
933 3461 1059 3518 destitui.

351 3701 475 3725 --flr
