2286 3862
517 177 623 226 nuno.
1008 171 1067 234 185

70 329 197 390 dinanum
214 329 262 390 dia
277 330 417 411 pauculas
432 331 530 392 uncias
546 331 696 410 uenderet,
712 333 872 413 praeclusit
885 343 1006 396 cunctos
1017 355 1066 399 ne-

70 415 238 491 gotiatores.
281 415 356 491 Quin
380 416 738 477 etiam-'mtcr-canondum
758 416 985 479 animaduersam
1005 439 1064 482 ma-

70 506 180 558 tronam
201 499 230 558 in
253 498 431 578 spectaculis
455 500 542 559 vetita
568 514 694 580 purpura
722 500 826 562 cultam
851 500 1066 565 demonstrasse

71 583 311 659 procuratoribus
333 583 392 642 suis
413 582 532 660 dicitur,
561 582 778 665 detractamque
804 586 873 646 ilico
899 605 958 647 nou
983 597 1066 649 veste

47 665 154 725 amodo
171 665 224 726 sed
236 675 265 727 et
280 665 365 726 bonis
380 668 467 739 exuit.
500 666 579 727 Nulli
592 666 739 746 delegavit
751 670 879 730 oflicium
895 680 993 730 utnon
1009 670 1066 732 adi·

70 757 166 810 cenet:
185 748 257 810 Scis
275 750 350 831 quid
371 749 446 812 mibi
465 768 544 830 opus
564 751 623 812 ait!
647 761 676 811 et
689 751 759 815 Hoc
772 771 920 834 oportue,
945 772 985 816 oe
999 755 1069 835 quic

69 833 234 913 quicquam
247 833 380 896 babeat!
400 835 510 898 Ultimo
531 834 648 914 templis
665 837 860 915 compluribus
880 838 956 899 dona
973 838 1067 900 detra·

69 918 110 976 xit
130 917 341 999 simulacraque
358 937 396 980 ex
412 937 483 980 auro
499 918 548 979 vel
564 928 688 996 argento
705 919 846 983 fabricata
867 922 1018 1001 conflavit,
1037 925 1067 983 in

68 1002 104 1059 iis
117 1000 264 1063 Penatium
279 1003 414 1081 deorum,
434 1021 509 1081 quae
522 1020 592 1063 mox
608 1001 698 1064 (ialba
716 1005 848 1065 restituit.

31 1107 57 1148 ro
130 1085 286 1147 Parricidia
309 1095 339 1147 et
360 1085 467 1147 caedas
486 1085 642 1147 aclaudio
659 1105 785 1147 exorsus
803 1098 862 1158 est;
885 1091 969 1149 cuius
986 1091 1110 1161 necisaa

67 1170 121 1229 etsi
142 1186 200 1228 non
221 1179 337 1248 auctor,
361 1180 389 1232 at
412 1173 548 1231 conscius
569 1171 640 1247 luit,
662 1188 761 1250 neque
787 1171 1016 1251 dissimulanter,
1037 1183 1068 1235 ut

66 1255 114 1332 qui
129 1253 262 1333 boletos,
276 1257 305 1314 iu
322 1272 379 1334 quo
395 1254 453 1315 cibi
469 1273 579 1332 genere
594 1272 737 1314 venenum
751 1256 777 1315 is
791 1266 963 1337 acceperat,
984 1258 1068 1337 quasi

67 1337 187 1397 deorum
205 1336 299 1397 cibum
322 1337 446 1417 posthac
469 1338 628 1417 proverbio
645 1337 759 1399 Graeco
777 1339 952 1402 conlaudare
967 1343 1004 1402 sit
1019 1359 1066 1402 so·

65 1423 142 1481 litus.
175 1419 263 1482 Certe
286 1421 416 1481 omnibus
430 1439 534 1480 rerum
555 1420 768 1499 verborumque
793 1425 975 1483 contumeliis
991 1443 1066 1484 mor·

32 1525 57 1566 aa
67 1515 144 1565 tuum
160 1507 319 1566 insectatus
333 1513 393 1581 est,
409 1504 495 1564 modo
513 1503 651 1563 stultitiae
665 1505 754 1563 modo
770 1507 908 1565 saevitiae
924 1524 1066 1583 arguens3

66 1608 131 1649 nam
148 1599 177 1648 et
193 1608 220 1649 m
230 1590 334 1650 orari
361 1607 426 1648 eum
447 1587 559 1648 desisse
579 1589 654 1646 inter
670 1587 802 1648 homines
817 1588 960 1667 producta
975 1591 1067 1667 prima

67 1673 179 1749 syllaba
203 1674 369 1750 iocabatur,
392 1672 538 1750 multaque
561 1670 679 1731 decreta
703 1681 732 1731 et
753 1672 919 1750 constituta,
948 1681 979 1732 ut
999 1675 1065 1734 insi·

67 1759 172 1836 pientis
189 1767 275 1837 atque
292 1757 391 1834 deliri,
414 1773 469 1836 pro
486 1756 573 1816 irritis
593 1755 705 1826 habuit;
731 1755 856 1835 denique
874 1755 988 1816 bustum
1004 1759 1066 1818 eius

68 1843 230 1920 consepiri,
249 1844 303 1901 nisi
318 1841 414 1901 humili
430 1841 547 1919 levique
563 1841 703 1918 maceria,
718 1840 859 1917 neglexit.

31 1951 57 1990 20
130 1924 322 1984 Britannicum
333 1943 392 1984 non
405 1926 497 1984 minus
509 1924 700 1984 aemulatione
715 1925 810 2002 vocis,
827 1943 900 2004 quae
911 1925 954 1984 illi
968 1926 1065 1985 iucun-

67 2008 131 2067 dior
147 2007 336 2084 suppetebat,
364 2026 448 2086 quam
471 2016 548 2067 metu
568 2026 606 2068 ne
628 2008 801 2087 quandoque
823 2009 900 2087 apud
920 2008 1065 2070 hominum

67 2089 189 2167 gratiam
203 2097 322 2167 paterna
336 2092 475 2150 memoria
489 2091 689 2169 praevaleret,
706 2109 820 2151 veneno
836 2092 994 2170 adgressus
1008 2102 1063 2154 est.

68 2174 153 2249 Quod
177 2182 330 2254 acceptum
357 2193 373 2235 a
398 2173 519 2253 quadam
540 2174 682 2253 Lucusta,
708 2177 930 2236 uenenariorum
957 2176 1064 2254 indice,

68 2276 131 2317 cum
148 2257 285 2337 opinione
306 2258 415 2320 tardius
429 2257 565 2335 cederet,
586 2266 688 2318 ventre
702 2259 788 2320 modo
806 2258 962 2321 Britannici
976 2269 1065 2338 moto,

30 2363 56 2402 us
67 2344 238 2402 accersitam
257 2344 407 2403 mulierem
425 2361 475 2402 sua
490 2359 574 2402 mann
589 2341 755 2404 verberavit
774 2362 918 2422 arguens,
940 2360 996 2423 pro
1015 2362 1065 2404 ve·

66 2443 141 2485 neno
157 2425 313 2487 remedium
329 2426 460 2496 dedisse;
485 2427 709 2505 excusantique,
729 2427 822 2487 minus
845 2427 939 2488 datum
963 2427 999 2488 ad
1017 2445 1065 2489 oc·

45 2583 47 2586 y
68 2509 228 2570 cultandam
243 2510 382 2571 facinoris
397 2510 548 2588 invidiam,
570 2509 656 2570 Sume
675 2511 766 2590 inquit
787 2513 882 2592 dapem
896 2510 1011 2574 lulium
1031 2511 1065 2572 tt'·

65 2596 152 2655 meo!
167 2596 325 2674 coegitque
341 2614 373 2656 se
390 2613 488 2656 coram
503 2594 532 2653 in
548 2594 682 2655 cubiculo
699 2613 782 2674 quam
798 2607 901 2675 posset
915 2596 1065 2657 velocissi-

66 2696 140 2737 mum
156 2697 191 2739 ac
205 2689 448 2758 praesentaneum
471 2696 615 2757 coquere;
638 2678 742 2740 deinde
764 2681 792 2738 in
817 2681 890 2741 aedo
913 2690 1064 2760 expertus,

31 2780 56 2821 no
68 2771 220 2841 postquam
235 2764 261 2823 is
277 2766 403 2843 quinque
420 2764 507 2825 horas
530 2763 689 2844 protraxit,
716 2764 817 2823 iterum
839 2782 874 2824 ac
888 2767 1005 2844 saepius
1019 2783 1064 2825 re·

67 2855 180 2906 coctum
197 2848 330 2925 porcello
345 2848 467 2919 obiecit;
485 2865 541 2927 quo
557 2848 650 2908 statim
667 2849 843 2923 exanimato,
858 2849 959 2908 inferri
971 2850 1001 2907 in
1015 2849 1065 2908 tri·

67 2929 181 2990 clinium
195 2930 314 3009 darique
327 2932 459 2992 caenanti
470 2949 570 2991 secum
582 2930 747 2992 Britannico
759 2932 921 3009 imperauit.
950 2931 988 2992 Et
1002 2949 1066 2991 curn

65 3013 115 3074 ille
130 3013 167 3074 ad
182 3014 304 3093 primum
321 3025 437 3094 gustum
453 3014 646 3091 concidisset,
669 3014 806 3075 comitiali
820 3016 924 3076 morbo
940 3034 979 3076 ex
996 3033 1063 3076 con·

66 3097 215 3158 suetudine
238 3109 404 3177 correptum
427 3097 504 3179 apud
528 3100 667 3160 convivas
686 3100 852 3176 ementitus,
874 3108 995 3178 postero
1018 3098 1065 3158 dic

29 3183 169 3260 saraptim
189 3184 265 3243 inter
286 3187 427 3244 maximos
447 3182 556 3242 imbres
576 3183 720 3243 tralaticio
746 3184 847 3243 extulit
862 3183 976 3244 funere.
1011 3183 1063 3242 Lu·

65 3274 164 3327 custue
182 3284 235 3346 pro
251 3277 354 3328 navata
368 3284 461 3347 opera
475 3267 671 3345 impunitatem
687 3266 865 3346 praediaque
882 3267 992 3346 ampla,
1011 3264 1064 3327 sed

65 3357 93 3408 et
106 3346 267 3430 discipulos
282 3350 371 3413 dedit.

126 3433 266 3515 Matrem,
281 3436 359 3499 iacta
376 3435 510 3514 dictaque
526 3453 576 3496 sua
593 3437 791 3516 exquirentem
805 3434 941 3496 acerbius
952 3441 982 3493 et
999 3441 1106 3498 cor-aa
