2334 3870
507 189 679 239 nutamus.
1038 182 1098 245 117

97 350 184 411 modo
198 348 368 424 destinavit,
390 362 446 405 non
468 354 578 405 temere
598 346 752 424 quicquam
767 346 823 406 nisi
839 365 876 406 ex
887 355 949 407 tuto
966 366 1097 411 ausurus.

98 436 156 495 Sed
174 431 394 512 tempestatibus
412 438 441 489 et
455 431 679 507 ingravescente
695 431 723 489 vi
740 429 835 489 morbi
850 440 991 510 retentus,
1008 435 1096 513 paulo

98 528 164 598 post
178 517 249 577 obiit
268 517 296 575 in
314 515 383 575 villa
399 513 570 591 Lucullana,
589 524 695 576 octavo
713 523 743 574 et
760 516 978 594 septuagesimo
994 521 1097 579 aetatis

96 620 180 679 anno,
205 603 293 662 tertio
322 608 351 658 et
372 599 512 658 vicesimo
530 599 652 676 imperii,
681 598 773 660 XVII.
787 599 834 660 lll.
850 599 908 678 dp.
931 598 990 659 CN.
1006 601 1097 662 Acer·

73 688 179 749 sronio
195 684 322 745 Proculo
337 681 371 742 G.
389 682 492 742 Pontio
503 681 625 757 Nigrino
640 700 736 741 conss.

157 771 229 829 Sunt
245 768 294 846 qui
309 775 426 845 putent,
450 782 593 824 venenum
608 767 634 823 ei
650 783 667 824 a
684 765 755 826 Gaio
773 766 868 827 datum
886 767 995 828 lentum
1011 777 1099 848 atque

94 853 256 921 tabificum
280 851 346 928 alii,
371 851 399 910 in
421 850 595 910 remissione
613 849 748 908 fortuitae
768 849 858 910 febris
874 851 968 912 cibum
984 853 1097 914 deside-

94 938 167 997 ranti
184 944 337 1013 negatum
355 933 501 1010 nonnulli,
527 932 674 1012 pulvinum
692 933 836 1009 iniectum,
859 952 921 993 oum
936 946 1097 998 extractum

92 1021 149 1081 sibi
170 1021 315 1080 deficienti
336 1018 450 1079 anulum
465 1035 533 1077 mox
553 1018 734 1096 resipiscens
757 1018 939 1096 requisisset.
984 1021 1098 1082 Seneca

59 1124 84 1167 so
95 1122 159 1164 eum
171 1103 287 1180 scribit,
310 1102 458 1162 intellecta
479 1101 663 1178 delectione,
687 1111 853 1180 exemptum
878 1103 991 1163 anulum
1015 1105 1099 1184 quasi

91 1188 177 1249 alicui
195 1187 362 1249 traditurum
378 1204 534 1267 parumper
554 1187 700 1263 tenuisse,
723 1186 788 1247 dein
804 1204 905 1246 rursus
920 1197 1038 1267 aptasse
1056 1188 1097 1248 di·

91 1275 172 1349 gito,
200 1282 230 1331 et
254 1289 424 1348 compressa
450 1272 565 1330 sinistra
585 1289 670 1330 manu
693 1273 819 1331 iacuisse
837 1271 884 1330 diu
905 1273 1095 1343 immobilem;

93 1357 188 1416 subito
201 1357 316 1414 vocatis
326 1354 463 1410 ministris
476 1371 511 1411 ac
522 1356 636 1411 nemine
648 1354 854 1431 respondente,
864 1360 1096 1436 consurrexisse,

93 1457 150 1498 nec
167 1436 271 1516 procul
286 1435 424 1495 alectulo
442 1432 644 1492 delinientibus
659 1435 768 1493 viribus
781 1438 955 1497 concidisse.

58 1541 85 1581 1⁶
162 1522 303 1599 Supremo
316 1517 402 1576 natali
418 1533 471 1576 suo
490 1514 659 1594 Apollinem
671 1515 849 1575 Temenitem
862 1527 890 1575 et
905 1520 1097 1597 amplitudinis
1104 1524 1139 1583 ts

96 1610 125 1666 et
137 1605 207 1665 artis
225 1605 363 1678 eximiae,
381 1601 535 1661 advectum
552 1600 706 1674 Syracusis
723 1608 752 1657 ut
764 1599 793 1657 in
808 1599 986 1663 bibliotheca
997 1603 1097 1682 templi

94 1691 162 1749 novi
180 1696 354 1768 poneretur,
377 1685 489 1745 viderat
512 1702 566 1762 per
588 1683 713 1762 quietem
736 1683 925 1744 affirmantem
947 1686 1019 1764 sibi,
1040 1705 1098 1747 non

94 1790 185 1853 posse
201 1791 235 1832 se
255 1771 290 1832 ab
306 1773 373 1849 ipso
386 1770 524 1830 dedicari.
558 1768 596 1830 Et
612 1776 678 1828 ante
690 1786 801 1849 paucos
819 1787 905 1847 quam
923 1770 1019 1830 obiret
1035 1769 1098 1831 dies

93 1860 181 1917 turris
203 1856 288 1917 Phari
310 1865 406 1915 terrae
425 1862 504 1914 motu
522 1852 645 1934 Capreis
668 1854 802 1914 concidit.
841 1853 886 1913 Ac
901 1855 1004 1915 Miseni
1026 1855 1097 1915 cinis

55 1959 111 2002 soe
127 1941 226 2002 favilla
243 1949 273 2000 et
290 1939 463 2000 carbonibus
479 1937 515 1998 ad
528 1938 736 1999 calfaciendum
754 1938 907 1998 triclinium
921 1940 1030 2018 inlatis,
1047 1958 1096 2000 ex-

93 2029 200 2087 tinctus
215 2026 271 2083 iam
285 2033 313 2084 et
327 2023 374 2082 diu
391 2022 521 2100 frigidus,
539 2024 647 2081 exarsit
662 2031 786 2102 repente
805 2023 895 2101 prima
914 2044 1040 2105 vespera
1056 2033 1096 2086 at-

95 2128 151 2189 que
167 2112 195 2169 in
209 2107 326 2167 multam
341 2116 457 2166 noctem
473 2108 662 2184 pertinaciter
680 2107 761 2166 luxit.

158 2194 253 2254 Morte
272 2194 334 2251 eius
351 2193 389 2250 ita
411 2191 533 2250 laetatus
556 2198 600 2250 est
618 2191 760 2268 populus,
783 2201 813 2251 ut
835 2191 870 2251 ad
888 2193 1007 2271 primum
1027 2210 1141 2269 nun-75

93 2280 162 2339 tium
180 2277 377 2337 discurrentes
397 2293 480 2354 pars:
507 2271 661 2334 Tiberium
677 2274 708 2334 in
732 2272 886 2336 Tiberim!
905 2277 1096 2355 clamitarent,

56 2381 84 2422 as
95 2380 162 2442 pars
177 2361 296 2421 Terram
307 2370 427 2420 matrem
445 2359 576 2437 deosque
591 2358 691 2418 Manes
706 2367 838 2437 orarent,
860 2379 900 2420 ne
912 2368 1033 2421 mortuo
1049 2378 1096 2420 se·

94 2446 162 2508 don
178 2446 274 2506 ultam
286 2444 349 2505 nisi
361 2444 441 2504 inter
452 2443 564 2521 impios
579 2442 700 2520 dorent,
718 2442 765 2502 alii
780 2462 882 2503 uncum
900 2453 930 2504 et
943 2444 1098 2506 Gemonias

94 2530 230 2591 cadaveri
250 2531 441 2604 minarentur,
469 2527 638 2587 exacerbati
660 2545 748 2606 super
766 2530 932 2588 memoriam
957 2530 1097 2609 pristinae

54 2627 60 2637 ‘
94 2614 275 2676 crudelitatis
290 2616 375 2674 etiam
390 2614 502 2673 recenti
517 2613 678 2672 atrocitate.
717 2610 790 2671 Nam
810 2631 873 2672 cum
892 2622 1009 2674 senatus
1028 2632 1096 2674 con-

94 2699 170 2760 sulto
184 2708 299 2759 ‘cautum
315 2706 395 2758 esset
408 2705 438 2758 ut
455 2714 551 2776 poena
566 2696 762 2756 damnatorum
777 2697 806 2755 in
825 2696 966 2757 decimum
981 2717 1097 2779 semper

58 2797 84 2839 so
94 2784 171 2844 diem
186 2783 360 2860 differretur,
383 2782 460 2842 forte
475 2779 581 2841 accidit
601 2790 629 2840 ut
649 2779 827 2859 quorundam
842 2781 978 2860 supplicii
993 2782 1055 2842 dies
1071 2784 1097 2843 is

94 2876 184 2943 esset,
202 2885 259 2945 quo
277 2869 433 2926 nuntiatum
448 2864 616 2925 deliberio
635 2873 706 2924 erat.
736 2864 798 2924 Hos
812 2865 992 2945 implorantis
1007 2865 1096 2926 bomi-

92 2971 160 3012 num
175 2951 276 3026 iidem,
300 2952 365 3029 quia
382 2950 503 3010 absente
521 2948 615 3009 adhuc
634 2948 705 3010 Gaio
720 2967 805 3008 uerno
822 2949 939 3009 extabat
959 2952 1007 3028 qui
1025 2949 1098 3009 adiri

93 3035 334 3114 interpellarique
351 3042 469 3114 posset,
488 3033 640 3110 custodes,
662 3051 698 3091 ne
717 3033 784 3112 quid
800 3033 942 3094 adversus
959 3036 1097 3093 constitu·

92 3128 151 3179 tum
171 3120 318 3195 iacerent,
348 3117 602 3194 strangulaverunt
625 3117 851 3196 abieceruntque
875 3120 903 3177 in
931 3117 1094 3179 Gemonias.

55 3225 82 3268 os
95 3201 195 3264 Crevit
210 3204 297 3281 igitur
315 3203 438 3278 invidia,
461 3203 542 3280 quasi
555 3202 639 3262 etiam
655 3210 722 3280 post
736 3210 858 3261 mortem
872 3205 984 3276 tyranni
1001 3204 1094 3263 saevi-

92 3289 132 3348 tia
147 3296 344 3366 permanente.
382 3284 497 3365 Gorpus
515 3294 545 3344 ut
560 3287 672 3345 moveri
685 3304 701 3345 a
716 3285 829 3346 Miseno
846 3303 912 3365 coep
924 3288 959 3364 't‚
978 3286 1093 3348 concla-

91 3372 234 3433 mantibus
250 3371 398 3451 plerisque
409 3368 543 3431 Atellam
552 3370 658 3448 poam
673 3368 870 3429 defflwlw
887 3388 908 3408 ¹²¹
938 3390 961 3419 >a
975 3371 1090 3432 smutt-
