2334 3870
102 161 163 223 210
186 172 216 222 c.
233 173 383 223 sunnonis
398 173 526 234 nunno.
543 174 591 222 nu
605 173 689 220 uma
705 171 892 223 causarum
906 175 980 224 uun.
995 178 1059 227 vn.

72 356 94 411 2
168 328 242 390 0tbo
255 331 415 409 imperator
426 328 491 390 llll.
509 327 556 388 lll.
568 329 635 390 blai.
650 337 736 389 natus
750 336 796 389 est
810 326 931 391 camillo
949 330 1106 412 Arruntio,

101 413 229 474 Domitio
241 413 421 475 Aenobarbo
434 431 515 474 cons.
539 413 567 472 A
585 414 675 493 prima
693 412 886 475 adulescentia
903 415 1054 495 prodigus
1071 436 1107 479 ac

104 516 228 578 procax,
247 497 322 559 adeo
337 507 368 558 ut
382 516 474 576 saepe
486 497 586 575 flagris
597 497 929 577 obiurgareturapatre‚
944 499 1107 562 ferebatur

104 591 134 643 et
148 585 250 661 vagari
262 581 395 643 noctibus
407 581 521 658 solitus,
533 591 621 660 atque
631 581 788 642 invalidum
799 582 1102 661 quemqueobviornm

105 667 154 728 vel
166 667 345 748 potulentum
358 668 509 746 corripere
522 683 557 725 ac
569 666 694 727 distento
707 683 783 744 sago
793 666 953 745 impositum
963 668 993 726 in
1004 667 1097 727 snbli·
1113 690 1127 728 s

105 755 281 814 meiactare.
303 750 372 811 Post
384 752 474 830 patris
486 748 591 811 deinde
602 758 723 810 mortem
734 750 898 811 libertinam
908 750 1093 829 aulicamgra·

106 839 219 913 tiosam‚
233 851 290 913 qno
303 834 455 896 efficacius
471 834 597 912 coleret,
616 837 701 895 etiam
715 834 842 912 diligere
852 834 996 896 simulauit
1006 853 1098 915 quam

105 922 244 980 visanum
262 937 298 979 ac
317 937 411 1000 paene
426 919 619 998 decrepitam;
640 937 694 998 per
713 918 789 980 banc
805 920 968 981 insinuatus
982 918 1105 996 Neroni,

105 1003 194 1064 facile
207 1023 344 1064 summum
355 1007 430 1065 inter
445 1006 554 1065 amicos
566 1003 662 1064 locum
677 1005 768 1064 tenuit
782 1006 978 1082 congruentia
988 1021 1105 1081 morum,

104 1098 217 1149 atvero
231 1087 344 1167 qnidam
356 1089 477 1163 tradunt,
491 1097 519 1148 et
532 1087 740 1148 consuetudine
755 1090 843 1147 mutui
855 1090 960 1167 stupri.
985 1088 1033 1149 Ac
1047 1097 1105 1148 tan·
1116 1105 1138 1145 u

104 1183 162 1233 tum
174 1174 302 1249 potentia
314 1171 413 1248 valuit,
425 1180 455 1230 nt
465 1171 801 1251 damnatumrepetnndis
810 1172 997 1232 consularem
1003 1175 1106 1250 virum,

102 1258 206 1333 iugens
220 1251 376 1332 praemium
388 1263 500 1333 pactus,
514 1257 594 1333 prins
602 1273 686 1334 quam
694 1256 782 1335 plane
792 1257 1009 1317 restitutionem
1017 1259 1045 1317 ei
1058 1258 1105 1316 im·

103 1347 250 1419 patrasset
261 1356 319 1398 nou
333 1339 477 1400 dubitaret
490 1342 518 1398 in
536 1350 666 1400 senatum
677 1339 719 1400 ad
736 1339 867 1418 agendas
886 1343 1000 1418 gratias
1018 1343 1104 1402 intro·

76 1423 223 1498 aducere.
252 1422 382 1484 Omnium
395 1433 488 1485 antem
503 1425 936 1504 consiliorumsecretorumqne
944 1427 1103 1506 particeps,

104 1507 164 1585 die,
177 1526 261 1588 quem
273 1508 421 1570 necandae
432 1512 516 1570 matri
527 1509 607 1570 Nero
620 1508 794 1584 destinarat,
813 1507 849 1569 ad
863 1509 1043 1571 avertendas
1062 1527 1102 1569 sn·
1112 1530 1131 1570 a

104 1595 255 1673 spiciones
270 1612 388 1655 caenam
401 1596 515 1673 utrique
527 1595 768 1673 exquisitissimae
776 1593 918 1654 comitatis
926 1592 1008 1653 dedit
1013 1617 1021 1665 ;
1034 1596 1101 1655 item

104 1677 273 1758 Poppaeam
285 1679 419 1739 Sabinam
431 1687 498 1738 tnnc
510 1677 603 1738 adbuc
615 1680 734 1739 amicam
746 1678 819 1756 eins,
833 1676 987 1739 abductam
998 1681 1100 1739 marito

105 1762 361 1840 demandatamque
380 1763 493 1820 interim
507 1761 577 1838 sibi,
596 1764 757 1842 nuptiarum
775 1763 877 1842 specie
893 1764 1026 1843 recepit,
1048 1780 1102 1823 nec

106 1849 273 1926 corrupisse
287 1853 448 1920 contentus,
462 1844 536 1905 adeo
549 1844 650 1906 dilexit
660 1854 691 1906 ut
702 1865 739 1906 ne
751 1847 871 1907 rivalem
880 1846 998 1927 quidem
1008 1846 1101 1909 Nero·

22 1958 25 1964 ·
105 1949 169 1989 nem
179 1944 273 2006 aequo
286 1927 384 1986 tulerit
395 1929 500 1988 auimo.
534 1926 667 1991 Creditur
680 1939 760 1991 certe
772 1949 831 1992 non
842 1930 930 1993 modo
947 1934 1058 1993 missos
1069 1931 1104 1992 ad
1111 1950 1133 1991 m

104 2010 308 2072 arcessendam
320 2029 377 2071 non
392 2014 555 2092 recepisse,
569 2014 721 2097 sedipsum
734 2017 819 2077 etiam
831 2016 998 2078 exclusisse
1013 2033 1103 2097 quon·

104 2093 167 2154 dam
180 2112 234 2175 pro
247 2094 359 2154 foribus
370 2105 511 2156 astantem
520 2100 746 2179 miscentemque
757 2099 864 2162 frustra
880 2102 973 2161 minas
991 2109 1021 2161 et
1039 2119 1103 2181 pre·

105 2198 156 2240 ces
174 2198 209 2240 ac
228 2179 392 2260 depositum
409 2192 625 2261 reposcentem.
660 2185 757 2260 Quare
775 2184 891 2245 diducto
908 2187 1104 2264 matrimonio,

104 2267 253 2343 sepositos
266 2274 311 2325 est
324 2284 377 2346 per
389 2284 504 2326 causam
514 2267 671 2346 legationis
684 2271 713 2328 in
725 2267 908 2329 Lusitaniam.
931 2267 965 2328 ld
978 2271 1051 2331 satis
1063 2272 1103 2330 vi·

103 2367 174 2427 snm,
187 2368 223 2409 ne
242 2367 338 2429 poena
357 2352 453 2411 acrior
472 2353 585 2413 mimum
605 2371 718 2414 omnem
733 2353 913 2431 divulgaret,
937 2356 988 2432 qui
1009 2363 1135 2416 tamenn

102 2434 147 2492 sio
161 2451 277 2513 quoque
290 2434 347 2494 hoo
359 2434 483 2495 disticho
500 2439 624 2499 enotuit:

216 2517 279 2578 Car
295 2516 373 2580 otto
388 2520 511 2582 mentito
526 2522 575 2597 sit,
593 2520 753 2601 quaeritis,
770 2522 842 2583 exal
855 2521 997 2585 bonore?

295 2601 411 2664 [lucris
423 2603 568 2666 moechus
582 2612 729 2684 coeperat
743 2623 811 2666 esse
824 2624 911 2667 saue.

160 2685 343 2748 Provinciam
353 2688 559 2751 administravit
568 2691 749 2769 quaestorius
760 2690 1103 2772 perdecemannos,mo·

76 2767 254 2834 aderatioue
270 2780 356 2850 atque
369 2771 542 2834 abstinentia
558 2773 707 2852 singulari.
723 2775 762 2836 Ut
776 2775 890 2836 tandem
903 2777 1024 2838 occasio
1039 2778 1101 2837 ulti·
1112 2793 1135 2836 ao

104 2855 167 2914 onis
177 2853 242 2914 data
252 2866 306 2933 est,
317 2856 466 2918 conatibus
477 2856 586 2918 Galbae
596 2860 703 2936 primus
712 2862 852 2930 accessit;
866 2858 1030 2940 eodemque
1040 2878 1102 2923 mo·

103 2947 200 2999 mento
213 2948 241 2998 et
253 2942 318 3017 ipse
330 2960 412 3020 spem
425 2943 537 3021 imperii
555 2944 634 3023 cepit
651 2961 783 3021 magnam
797 2944 911 3023 quidem
930 2953 960 3004 et
977 2963 1016 3007 ex
1033 2963 1102 3008 oon·

105 3023 212 3084 ditione
228 3031 399 3104 temporum,
413 3026 464 3086 sed
479 3026 626 3107 aliquanto
642 3031 780 3089 maiorem
792 3047 830 3090 ex
846 3030 1036 3091 affirmatione
1048 3032 1102 3091 Se·

104 3107 182 3168 leuci
195 3106 394 3169 mathematici.
418 3111 473 3185 Qui
490 3131 552 3172 cnm
565 3131 629 3172 eum
640 3112 707 3173 olim
719 3116 904 3193 superstitem
915 3113 1027 3175 Neroni
1035 3115 1102 3176 lore

105 3192 322 3273 spopondisset,
336 3202 404 3254 tunc
422 3196 498 3256 ultro
516 3197 679 3275 inopinatus
699 3198 871 3278 advenerat,
895 3201 1135 3279 imperatorumue

104 3294 221 3356 qnoque
233 3277 314 3338 brevi
327 3282 542 3357 repromittens.
568 3281 656 3344 Nullo
670 3284 756 3360 igitur
770 3285 859 3344 oflicii
874 3294 921 3345 aut
938 3284 1102 3345 ambitionis

103 3360 132 3418 in
146 3379 317 3441 quemquam
329 3381 437 3442 genere
454 3367 580 3445 omisso,
598 3371 733 3446 quotiens
746 3387 834 3430 caena
846 3371 1010 3450 principem
1022 3371 1100 3431 acci·

101 3454 189 3523 peret
227 3465 328 3512 eureos
341 3448 493 3510 excubanti
511 3471 517 3496 a
537 3449 625 3497 ibn-rt
640 3472 649 3484 =
663 3454 737 3501 ‘urta
765 3453 920 3535 tumulat,
938 3472 995 3515 noc
1006 3456 1101 3515 minus
