2334 3870
374 201 479 250 nsvus
498 201 742 252 vusessmuns.
990 192 1053 258 235

60 373 117 433 qne
134 355 297 434 praeberet,
314 357 507 432 interrogauit
521 357 630 436 quanti
645 358 823 435 celsiacum,
840 368 870 419 et
885 368 986 439 pactus
1008 369 1053 420 est

59 440 132 498 lucri
148 449 267 516 partem.
299 439 538 518 Reprehendenti
559 441 620 501 lilio
641 440 725 518 Tito,
750 442 826 520 quod
848 444 933 502 etiam
953 445 1051 504 urinae

59 522 185 598 vectigal
205 532 380 583 commentus
397 532 485 601 esset,
503 527 653 602 pecuniam
672 544 710 587 ex
733 527 824 605 prima
845 527 986 604 pensione
1003 527 1051 587 ad·

58 608 146 665 movit
162 606 198 667 ad
215 625 318 682 nares,
336 608 488 667 sciscitans
502 625 574 667 oum
588 607 685 669 odore
700 607 929 689 offendentur,-
952 618 981 669 et
999 609 1050 670 illo

35 699 183 767 enegante
199 688 314 767 Atquin
328 691 419 768 inquit
435 708 451 750 e
466 690 539 752 lotio
554 698 609 752 est.
635 691 797 754 Nuntiantis
808 694 934 770 legatos,
950 690 1052 752 decre·

57 783 114 833 tam
130 774 157 832 ei
167 772 286 852 publice
301 791 358 833 non
371 774 528 834 mediocris
538 793 663 834 summae
674 784 794 837 statuam
806 777 981 852 colosseum,
997 778 1053 836 ius·

57 856 158 916 situel
176 859 312 917 continuo
331 874 460 936 ponere,
483 867 513 918 et
533 875 634 918 cavam
652 876 764 919 manum
778 869 927 921 ostentans
950 869 979 920 et
992 876 1051 938 pa·

57 945 163 999 uatum
175 939 276 1001 busim
290 942 398 1002 dicens.
421 941 467 1003 Ac
476 960 514 1002 ne
526 943 555 1001 in
566 951 644 1001 metu
657 942 773 1023 quidem
783 960 819 1003 ac
830 944 963 1021 periculo
977 961 1052 1004 mor·

56 1024 93 1081 tis
125 1033 256 1085 extremo
287 1025 421 1085 abstinuit
450 1027 535 1086 iocis.
572 1024 644 1086 Nam
668 1045 732 1087 cum
759 1029 835 1087 inter
861 1035 960 1086 cetera
985 1044 1052 1105 pro·

22 1129 47 1169 so
55 1106 133 1185 digia
146 1108 325 1169 Mausoleum
339 1108 500 1190 derepente
516 1111 658 1188 patuisset
671 1120 701 1171 et
711 1111 799 1170 stella
813 1111 915 1169 crinita
926 1111 956 1168 in
968 1108 1052 1170 caelo

55 1194 254 1270 apparuisset,
277 1193 396 1254 alterum
418 1194 454 1255 ad
473 1193 582 1254 Iuniam
601 1192 749 1256 Caluinam
771 1211 788 1253 e
814 1203 904 1271 gente
927 1192 1053 1272 Augusti

55 1275 203 1352 pertinere
218 1275 350 1353 dicebat,
371 1278 492 1338 alterum
514 1278 550 1337 ad
565 1277 734 1339 Parthorum
751 1295 853 1355 regern
868 1279 918 1358 qni
933 1277 1051 1357 capilla-

55 1366 102 1416 tus
118 1366 213 1424 essct;
230 1359 320 1434 prima
338 1376 453 1437 quoque
469 1359 563 1418 morbi
581 1363 754 1421 accessione
773 1359 837 1420 Vae
850 1363 955 1441 inquit,
973 1368 1050 1440 puto

56 1440 134 1499 deum
146 1440 199 1517 tio.

21 1545 47 1585 15
120 1521 277 1583 Consulatu
292 1540 344 1582 suo
370 1538 449 1581 nono
471 1530 625 1599 temptatus
646 1525 675 1582 in
691 1522 847 1600 Campania
867 1524 1094 1586 motiunculisas

57 1606 170 1668 levibus
185 1608 373 1686 protinusque
395 1604 466 1665 urbe
483 1607 623 1684 repetita,
646 1604 766 1666 Cutilias
787 1623 822 1665 ac
835 1607 956 1666 Reatina
974 1624 1050 1686 rura,

56 1690 105 1750 ubi
118 1694 262 1751 aestivare
275 1700 345 1769 quot
356 1691 437 1751 annis
448 1689 572 1767 solebat,
585 1691 667 1769 petit.
683 1689 738 1750 llic
751 1706 814 1748 cum
826 1708 916 1767 super
926 1708 1050 1767 urguen-

55 1784 114 1835 tem
133 1775 316 1835 valitudinem
340 1774 517 1835 creberrimo
538 1774 662 1852 frigidae
684 1791 777 1854 aquae
800 1791 852 1832 usu
873 1774 958 1833 etium
978 1775 1049 1834 inte·

57 1860 130 1918 stina
145 1861 286 1935 vitiasset,
306 1877 361 1919 nec
376 1877 413 1919 eo
428 1861 520 1920 minus
534 1860 699 1920 muneribus
715 1859 909 1938 imperatoriis
926 1876 963 1917 ex
981 1874 1049 1916 con·

19 1965 47 2006 ec
57 1942 206 2001 suetudine
219 1943 397 2019 iungeretur,
415 1951 445 2002 ut
456 1944 540 2003 etiam
552 1943 715 2020 legationes
726 1942 838 2003 audiret
851 1941 967 2020 cubans,
982 1941 1049 2003 alvo

55 2034 179 2103 repente
194 2044 286 2103 usque
301 2026 336 2086 ad
351 2025 546 2086 deiectionem
562 2027 664 2104 soluta,
680 2028 899 2105 imperatorem
913 2028 951 2087 ait
961 2034 1047 2088 stoo-

56 2117 113 2170 tem
129 2109 211 2169 mori
224 2115 389 2186 oporterc;
410 2108 531 2187 dumque
548 2112 697 2186 consurgit
712 2129 747 2170 ac
764 2112 876 2187 nititur,
900 2112 974 2170 inter
988 2129 1047 2171 ma·

56 2211 109 2252 nus
130 2192 340 2252 subleuantium
362 2194 506 2252 extinctus
527 2203 571 2252 est
589 2193 812 2254 v1111.tt1.1ut.
836 2212 939 2254 annum
958 2211 1049 2271 agens

56 2279 158 2336 aetatis
173 2279 405 2353 sexagensimum
419 2294 453 2336 uc
469 2293 590 2353 nonum,
608 2295 753 2357 superque
769 2296 897 2338 mensem
919 2295 954 2337 ac
974 2276 1049 2337 diem

17 2382 46 2422 25
57 2362 217 2437 septimum.

121 2442 264 2502 Convenit
286 2445 360 2502 inter
382 2444 492 2520 omnis,
516 2450 573 2502 tam
591 2453 700 2504 certum
720 2463 784 2504 eum
802 2445 838 2505 de
854 2464 905 2505 sua
919 2451 1091 2505 suorum-td

57 2544 114 2604 que
132 2527 264 2603 genitura
279 2544 395 2605 semper
411 2527 519 2603 luisse,
542 2535 572 2586 ut
589 2537 657 2605 post
677 2528 807 2589 assiduus
822 2531 851 2588 in
867 2547 899 2588 se
917 2530 1049 2589 coniura-

55 2611 150 2670 tiones
162 2629 248 2671 ausus
262 2611 300 2670 sit
313 2610 463 2672 adfirmare
478 2613 600 2688 senatui,
618 2618 673 2672 cut
682 2612 764 2690 filios
775 2612 839 2673 cibi
847 2629 1050 2674 successuros

56 2701 111 2754 aut
126 2696 284 2756 neminem.
322 2695 433 2756 Dicitur
453 2697 538 2756 etiarn
558 2696 667 2756 vidisse
687 2697 829 2775 quondam
850 2715 904 2775 per
924 2697 1049 2776 quictem

15 2801 44 2842 oo
55 2787 189 2840 stateram
203 2778 296 2840 media
312 2789 395 2859 parte
411 2779 546 2840 vestibuli
560 2779 707 2842 Palatinae
725 2780 827 2841 domus
843 2781 966 2860 positam
980 2797 1047 2840 exa·

54 2865 129 2922 mine
144 2881 248 2943 aequo,
266 2882 329 2924 cnm
343 2866 371 2924 in
387 2863 479 2924 alteru
494 2865 578 2924 lance
593 2863 728 2925 Claudius
744 2875 773 2924 et
785 2865 865 2925 Nero
883 2871 1003 2940 starent,
1019 2864 1048 2922 in

54 2947 146 3007 altera
161 2950 226 3026 ipse
241 2965 275 3007 ac
296 2947 356 3007 lilii.
389 2947 454 3008 Nec
478 2966 527 3007 res
547 2947 668 3026 fefellit,
691 2948 804 3028 quando
825 2947 944 3009 totidem
967 2947 1048 3008 annis

54 3033 175 3109 parique
190 3033 332 3109 temporis
349 3032 442 3082 spatio
458 3033 572 3107 istrione
588 3032 812 3111 imperaverunt.
