2286 3862
133 155 193 216 154
238 164 268 212 c.
285 164 435 212 nunnoni
452 160 580 220 nanno.
598 160 645 206 ou
662 159 744 207 vrna
759 159 945 210 consanum
960 163 1037 213 nnn.
1055 166 1089 214 v.

115 320 232 381 ¹aedem
247 319 424 378 adoreretur.
469 286 717 393 conspiraverunt
732 323 825 376 autem
840 313 941 376 adres
958 335 1058 379 novas
1073 320 1130 383 Gal·

131 405 176 465 lus
191 404 308 464 Asinius
326 411 355 461 et
369 400 496 461 Statilius
513 397 673 475 Corvinus,
693 398 831 459 Pollionis
851 417 887 460 ac
900 399 1057 463 Messalae
1074 423 1129 466 ora·

130 499 224 548 torum
244 495 385 564 nepotes,
407 486 560 562 assumptis
583 482 779 561 compluribus
799 481 911 543 libertis
932 486 1030 564 ipsius
1052 497 1129 568 atque

91 636 95 642 ,
131 575 234 632 servis.
276 570 387 629 bellurn
409 568 496 627 civile
517 569 607 627 movit
627 566 729 627 Furius
752 565 888 627 Camillus
911 568 1128 648 Scribonianus,

129 655 289 716 Delmatiae
304 653 433 730 legatus;
449 670 548 712 verum
563 653 635 711 intra
652 652 779 728 quintum
794 650 870 710 diem
892 669 1058 732 oppressus
1073 665 1125 731 est,
1142 682 1143 685 ¹

130 737 312 816 legionibus,
333 754 407 815 quae
428 744 635 797 sacramentum
659 742 852 811 mutaverant,
874 736 903 795 iu
928 738 1119 815 paenitmtiam

129 823 274 898 religione
291 821 459 897 conversis,
473 828 634 899 postquam,
655 819 820 879 denuntiato
832 818 869 878 ad
885 837 996 881 novum
1011 822 1121 901 impera-

130 916 223 966 torem
239 907 355 981 itinere,
372 922 441 965 casu
456 903 579 982 quodam
595 922 629 964 ac
644 903 777 963 divinitus
791 919 887 980 neque
902 905 1024 983 aquilae
1038 907 1126 966 ornari

129 1008 224 1069 neque
240 991 323 1066 sigua
338 987 464 1048 convalli
480 989 648 1066 moverique
665 995 827 1064 potuerunt.
972 986 977 993 '

89 1083 123 1138 it
192 1072 364 1134 Consulatus
376 1090 464 1150 super
476 1071 623 1150 pristinum
639 1080 772 1149 quattuor
784 1071 890 1149 gessit;
905 1089 945 1131 ex
957 1072 1067 1151 quibus
1078 1073 1141 1133 door

129 1160 239 1237 primos
253 1157 383 1231 iunctim,
411 1156 560 1232 sequentis
582 1172 634 1232 per
649 1154 844 1231 intervallum,
866 1164 970 1232 quarto
989 1175 1126 1236 quemque

128 1257 220 1316 auno,
245 1248 433 1298 semenstrem
452 1238 652 1313 novissimum,
677 1238 843 1298 bimenstris
861 1247 996 1317 ceteros,
1020 1243 1125 1301 tertium

127 1333 236 1399 autem,
263 1339 340 1382 novo
363 1323 441 1382 circa
464 1323 625 1402 principem
646 1321 799 1400 exemplo,
828 1323 858 1381 iu
876 1321 976 1382 locum
992 1323 1125 1384 demortui

128 1408 275 1469 suffectus.
295 1404 343 1466 lus
358 1415 388 1466 et
399 1406 500 1466 consul
517 1415 545 1466 et
558 1415 639 1465 extra
650 1406 790 1466 bonorem
803 1406 1038 1469 laboriosissime
1054 1408 1124 1484 dixit,

127 1495 213 1553 etiam
227 1494 287 1551 suis
302 1508 475 1569 suorumque
492 1490 592 1550 diebus
607 1489 808 1567 sollemnibus,
823 1508 1041 1569 nonnumquam
1050 1494 1138 1554 festisr

127 1594 243 1656 quoque
258 1577 412 1655 antiquitus
424 1585 453 1634 et
463 1574 620 1651 religiosis.
634 1574 697 1633 Nec
710 1592 826 1653 semper
837 1577 1025 1655 praescripta
1037 1576 1125 1654 legum

127 1670 260 1737 secutus,
290 1659 420 1719 duritiam
440 1659 624 1718 lenitatemue
643 1657 793 1718 multarum
816 1676 854 1717 ex
872 1656 951 1719 bono
973 1669 1007 1720 et
1026 1678 1124 1740 aequo,

126 1743 249 1823 perinde
269 1752 299 1801 ut
320 1742 508 1818 adiceretur,
531 1742 697 1802 moderatus
711 1751 770 1812 est;
792 1759 856 1802 nam
871 1751 901 1801 et
915 1743 967 1820 iis,
992 1746 1043 1823 qui
1057 1742 1124 1824 apud

127 1829 258 1906 privatos
275 1824 385 1884 iudices
403 1825 467 1902 plus
488 1825 614 1903 petendo
635 1826 758 1887 iormula
783 1825 980 1905 excidissent,
1008 1828 1124 1890 restitnit

126 1911 273 1982 actiones,
294 1916 324 1966 et
342 1910 370 1966 in
386 1909 495 1967 maiore
512 1909 612 1969 fraude
637 1912 802 1987 convictos,
823 1909 982 1988 legitimam
1006 1929 1121 1991 poenam
1132 1938 1143 1963 a

84 2000 116 2053 15
125 2009 336 2070 supergressus
352 1991 387 2052 ad
403 1990 511 2052 bestias
528 1994 736 2054 condemnavit.
757 1993 789 2054 ln
806 1995 1020 2072 cognoscendo
1038 2005 1120 2059 auten

125 2095 159 2136 ac
177 2075 362 2135 decernendo
377 2077 447 2135 mira
463 2078 601 2137 varietate
613 2078 696 2138 animi
712 2077 779 2154 fuit,
798 2077 884 2138 modo
897 2080 1121 2160 circumspectus

124 2170 154 2220 et
174 2177 283 2236 sagax,
305 2160 445 2220 interdum
466 2162 645 2221 inconsultus
670 2180 704 2222 ac
727 2179 888 2241 praeceps,
914 2180 1122 2244 nonnumquam

123 2243 246 2304 frivolus
264 2246 424 2323 amentique
439 2245 550 2304 similis.
579 2244 649 2306 Cum
666 2245 798 2305 decurias
813 2264 909 2306 rerum
935 2256 1006 2308 actu
1021 2266 1121 2328 expuo·

122 2338 223 2406 geret,
243 2347 320 2406 eum,
336 2330 383 2406 qui
404 2329 578 2390 dissimulata
592 2331 744 2390 vacatione
760 2348 843 2408 quam
860 2328 1010 2392 beneficio
1021 2331 1121 2393 libero·
1140 2346 1143 2349 ’

122 2431 183 2472 rum
199 2412 325 2473 habebat
338 2413 545 2492 responderat,
560 2423 590 2473 ut
602 2414 734 2493 cupidum
747 2413 889 2474 iudicandi
903 2413 1030 2487 dimisit;
1046 2416 1123 2477 aliurn

121 2497 334 2576 interpellatum
361 2497 397 2557 ab
418 2497 591 2557 adversariis
615 2497 651 2556 de
672 2498 790 2577 propria
810 2498 877 2575 lite,
910 2509 1122 2579 negantemque

123 2581 299 2656 cognitionis
315 2598 391 2658 rem,
416 2581 467 2641 sed
484 2580 609 2641 ordinari
629 2583 699 2641 iuris
714 2600 795 2659 esse,
819 2600 910 2660 agere
926 2601 1047 2645 oausam
1061 2602 1122 2645 coo·

121 2662 217 2720 testim
235 2662 311 2740 apud
326 2682 359 2722 se
382 2668 494 2742 coegit,
514 2665 647 2744 proprio
666 2666 787 2745 negotio
808 2665 1023 2729 documentum
1038 2668 1121 2730 dan·

121 2763 204 2820 rum,
223 2763 315 2824 qnam
333 2763 449 2826 ceqnns
464 2747 560 2808 indam
574 2750 606 2810 in
626 2749 727 2812 alieno
745 2749 867 2829 negotio
886 2748 1017 2827 fnium
1035 2757 1120 2813 essct.
1133 2781 1143 2804 u

120 2828 266 2888 Feminam
281 2848 339 2889 non
352 2842 560 2909 agnoscentem
575 2835 662 2894 iulium
678 2852 774 2911 sunm,
788 2833 872 2893 dubia
883 2835 1030 2915 utrimque
1044 2854 1122 2913 argu·

120 2922 279 2972 mentorum
295 2914 368 2991 side,
386 2914 421 2974 ad
438 2917 650 2977 confessionem
666 2918 802 2997 compulit
818 2916 926 2978 indicto
943 2922 1122 2981 matrimonio

119 2998 241 3055 iuvenis.
281 2997 460 3059 Absentibus
486 3001 641 3061 secundum
666 3011 837 3082 praesentes
864 3000 1005 3063 facillime
1030 3003 1122 3079 dabat,

118 3080 199 3140 nullo
217 3079 350 3158 delectu,
374 3083 497 3162 culpane
512 3087 575 3163 quis
593 3104 628 3145 an
651 3086 744 3165 aliqua
762 3087 941 3146 necessitate
965 3095 1122 3149 cessasset.

118 3163 320 3224 Proclamaute
333 3167 468 3246 quodam,
482 3169 690 3246 praecidendas
699 3167 818 3231 ialsarib
828 3186 943 3247 manus,
957 3173 1122 3233 carnificem

120 3251 214 3307 statim
241 3251 330 3308 acciri
359 3269 422 3310 cum
444 3253 595 3313 machaera
626 3273 782 3334 mensaque
815 3253 941 3314 lanionia
972 3254 1121 3334 flagitarit.

125 3326 341 3408 Peregrinitatis
361 3353 456 3413 reum,
488 3345 550 3397 orta
569 3339 643 3397 inter
664 3339 824 3399 advocatos
844 3337 902 3397 levi
926 3341 1122 3416 contentione,

118 3420 284 3492 totagumue
297 3437 332 3478 au
344 3418 498 3498 palleatum
513 3420 611 3481 dic'ere
625 3441 739 3484 cansam
753 3430 916 3503 oporteret,
929 3424 1014 3502 quasi
1026 3424 1121 3505 aequi·
