2334 3870
485 214 657 264 canna.
995 205 1056 267 207

64 371 163 432 Salvio
183 368 287 431 Othoni
308 368 442 449 praebuit
462 370 631 449 perliciendi
654 379 758 431 conata
773 373 845 431 intra
864 373 1055 434 sentumado·

63 456 170 536 ptionis
188 453 273 515 diem.

124 539 229 618 llagna
241 549 270 599 et
282 538 396 598 assidua
408 547 534 598 monstra
546 541 600 600 iam
618 539 685 599 inde
701 558 718 599 a
735 541 879 619 principio
897 541 1003 600 exitum
1017 541 1054 620 ei,
1064 551 1098 607 18

62 625 154 704 qualis
167 626 275 699 evenit,
288 622 504 701 portenderant.
544 621 613 683 Cum
631 643 685 703 per
697 641 781 684 omne
799 625 854 683 iter
871 622 973 684 dextra
989 626 1055 685 sini-

39 718 179 787 nstraque
198 707 357 786 oppidatim
378 708 512 766 victimae
530 706 733 785 caederentur,
753 718 851 769 taurus
869 710 982 769 securis
998 709 1057 768 ictu

62 801 264 852 consternatus
276 800 362 870 rupto
378 791 496 850 vinculo
514 790 648 851 essedum
660 793 721 855 eius
732 795 836 854 invasit
851 794 992 872 elatisque
1006 811 1056 872 pe·

61 875 145 936 dibus
158 884 248 935 toturn
260 894 363 937 cruore
376 874 518 957 perfudit;
537 875 572 936 a‘c
584 875 806 936 descendentem
822 879 990 956 speculator
1005 880 1055 937 im·

61 961 146 1039 pulsu
158 959 258 1022 turbae
266 959 367 1021 lancea
376 977 470 1039 prope
478 961 650 1021 vulneravit.
674 958 782 1020 Urbem
789 978 905 1040 quoque
914 971 943 1021 et
951 961 1056 1022 deinde

59 1044 198 1105 Palatium
209 1046 371 1122 ingressum
383 1045 503 1122 excepit
514 1054 610 1105 terrae
626 1054 734 1104 tremor
746 1053 775 1105 et
787 1045 922 1106 assimilis
943 1044 1057 1122 quidam

24 1148 48 1188 so
57 1130 176 1206 mugitui
189 1146 286 1188 sonus.
317 1130 423 1190 Secuta
442 1139 507 1188 sunt
525 1129 673 1209 aliquanto
692 1130 899 1189 manifestiora.
936 1128 1055 1204 Monile,

58 1214 220 1291 margaritis
232 1216 410 1292 gemmisque
424 1224 598 1291 consertum,
606 1214 641 1274 ad
653 1213 1057 1275 ornandamllortnnamsuam

59 1297 251 1359 Tusculanam
265 1315 303 1356 ex
315 1300 390 1357 omni
402 1316 476 1373 gaza
492 1308 673 1368 secreverat;
692 1298 720 1357 id
732 1309 855 1378 repente
867 1300 949 1378 quasi
966 1316 1055 1376 augu-

60 1383 150 1440 stiore
166 1379 281 1456 dignius
292 1380 360 1439 loco
377 1378 559 1456 Capitolinae
570 1383 679 1440 Veneri
694 1379 852 1457 dedicavit,
875 1399 909 1442 ac
924 1385 1056 1460 proxima

61 1473 147 1524 nocte
171 1465 325 1521 somniavit
351 1465 480 1540 speciem
501 1463 645 1522 Fortunae
672 1468 819 1540 querentis
841 1465 999 1524 fraudatam
1024 1479 1056 1521 se

28 1565 51 1608 ts
62 1548 139 1608 dono
153 1547 306 1623 destinato,
320 1547 509 1623 minantisque
523 1555 685 1623 erepturam
694 1555 723 1605 et
734 1548 826 1624 ipsam
836 1564 909 1624 quae
918 1546 1055 1606 dedisset.

63 1631 191 1710 Cumque
204 1632 358 1691 exterritus
370 1630 436 1690 luce
448 1630 538 1710 prima
551 1629 586 1689 ad
603 1629 777 1708 expiandum
796 1631 953 1707 somnium,
972 1648 1055 1710 prae-

60 1718 156 1776 missis
169 1717 216 1794 qui
230 1734 290 1775 rem
309 1715 433 1775 divinam
451 1724 641 1793 appararent,
661 1713 815 1774 Tusculum
832 1717 1055 1792 excucurrisset,

60 1800 129 1862 nihil
143 1801 251 1860 invenit
264 1809 380 1878 praeter
394 1799 520 1878 tepidam
533 1800 561 1859 in
574 1817 623 1859 ara
634 1799 763 1859 favillam
784 1808 961 1877 atratumque
977 1801 1057 1858 iuxta

61 1903 159 1945 senem
172 1886 199 1943 in
212 1887 308 1945 catino
320 1885 412 1944 vitreo
425 1884 489 1944 thus
502 1894 647 1944 tenentem
659 1894 688 1944 et
700 1885 728 1942 in
742 1884 834 1944 calice
844 1884 925 1943 lictili
937 1902 1055 1942 merum.

24 1987 50 2027 ao
61 1970 252 2029 Observatum
264 1971 349 2028 etiam
361 1977 414 2046 est,
427 1967 474 2028 Kl.
487 1968 546 2029 Ian.
560 1969 732 2029 sacrificanti
752 1986 889 2028 coronam
906 1968 1057 2048 decapite

62 2052 223 2127 excidisse,
241 2053 400 2130 auspicanti
418 2053 515 2131 pullos
533 2053 668 2113 avolasse
675 2075 683 2121 ;
708 2051 873 2130 adoptionis
895 2053 941 2113 die
960 2071 1055 2132 neque

60 2138 166 2196 milites
182 2135 353 2196 adlocuturo
367 2145 544 2196 castrensem
558 2136 659 2197 sellam
671 2136 794 2195 demone
807 2138 931 2215 positam
944 2154 996 2214 pro
1006 2138 1055 2196 tri·

60 2221 167 2298 bunali,
181 2220 278 2281 oblitis
290 2222 437 2296 ministris,
449 2230 480 2280 et
491 2221 519 2278 in
533 2229 634 2281 senatu
655 2221 783 2281 curulem
804 2239 945 2300 perverse
963 2219 1055 2280 collo·

61 2315 162 2368 catam.
195 2305 278 2366 Prius
293 2323 365 2365 uero
382 2322 465 2384 qnam
478 2304 661 2365 occideretur
679 2305 890 2365 sacrificantem
907 2303 1098 2365 mancha-19

24 2408 169 2468 asruspex
184 2389 338 2450 identidem
349 2389 468 2467 monuit,
484 2398 602 2450 caveret
614 2389 789 2468 periculum,
804 2407 863 2450 non
879 2388 969 2466 longe
989 2407 1054 2468 per-

62 2490 198 2533 cussores
211 2473 326 2534 abesse.
419 2503 429 2523 ι

119 2557 201 2618 Haud
218 2558 307 2620 multo
325 2566 392 2637 post
411 2560 566 2636 cognoscit
583 2559 677 2646 teperi
698 2567 792 2619 castra
808 2559 843 2619 ab
866 2557 995 2636 Othone,
1020 2577 1055 2620 ac

60 2644 207 2723 plerisque
216 2643 356 2703 uteodem
365 2645 580 2722 quamprimum
593 2643 932 2722 pergeretsuadentibns,
946 2645 1055 2724 (posse

60 2731 134 2788 enim
148 2729 317 2789 auctoritate
331 2737 361 2787 et
375 2729 540 2805 praesentia
552 2727 740 2807 praevalere)
753 2728 823 2788 nihil
835 2729 957 2807 amplius
970 2747 1054 2808 quam

24 2829 49 2870 ao
61 2815 209 2873 continere
222 2831 255 2871 se
272 2814 369 2872 statuit
387 2821 416 2872 et
437 2812 663 2889 legionariorum
685 2813 799 2872 firmare
818 2813 987 2892 praesidiis,
1006 2813 1054 2892 qui

58 2896 241 2959 multifariam
253 2896 428 2974 diverseque
442 2896 607 2957 tendebant.
635 2896 767 2957 Loricam
785 2905 879 2956 tamen
896 2898 985 2957 induit
1002 2897 1053 2956 lin-

59 2992 145 3058 team,
160 2998 329 3060 quamquam
340 2979 416 3039 haud
429 2979 612 3041 dissimulans
624 2998 724 3059 parum
736 2980 876 3041 adversus
887 2991 930 3041 tot
941 2997 1054 3040 mucro·

59 3085 112 3127 nes
125 3065 312 3146 profuturam.
352 3063 410 3123 Sed
426 3073 572 3125 extractus
588 3063 751 3124 rumoribus
770 3064 870 3142 falsis,
893 3083 967 3144 quos
986 3082 1053 3124 con·

60 3153 171 3231 spirali,
185 3160 214 3210 ut
224 3168 287 3208 eum
297 3150 325 3207 in
338 3147 484 3226 publicum
495 3149 651 3224 elicerent,
668 3147 705 3208 de
716 3148 854 3209 industria
867 3149 1053 3227 dissiparant,

23 3261 47 3292 nr
60 3238 162 3296 caucis
174 3244 285 3295 temere
297 3233 502 3294 affirmantibus
517 3240 692 3294 transactum
704 3235 867 3312 negotium,
881 3249 1050 3311 oppressos.

71 3324 108 3386 tui
121 3319 368 3396 tumultuarentur,
382 3318 519 3378 advenire
530 3318 692 3398 frequentis
700 3328 817 3378 ceteros
827 3316 1046 3394 gratulabundo·

68 3425 90 3452 ..1
101 3407 129 3464 in
145 3423 229 3466 omne
242 3404 412 3483 obsequium
424 3412 556 3484 paratos;
571 3405 606 3464 iis
619 3411 648 3462 ut
660 3412 831 3463 occurreret
843 3401 964 3481 prodiit,
976 3410 1046 3462 tant»

66 3489 156 3544 admi.
186 3499 207 3536 ri
222 3490 300 3550 'illm'
326 3488 426 3544 aridam
446 3490 573 3536 occisum
590 3507 605 3536 a
625 3507 657 3540 sp
676 3485 814 3536 stibnnarr
838 3487 972 3548 plantanti
986 3483 1042 3544 (ἴω
