2286 3862
479 207 686 256 rnuuunrm.
767 279 768 282 Ἴ
952 206 1028 254 xum

122 370 338 443 Antiquissimus
354 372 398 424 est
411 368 577 443 Polyaenus,
589 365 635 438 qui
654 370 782 437 excerpta
799 381 814 419 e
831 364 895 422 nivi
912 364 976 421 lulii
998 371 1026 422 et

123 456 185 513 bivi
200 453 319 525 Augusti
335 451 401 508 vitis
421 450 605 522 quadraginta
627 450 687 504 lere
711 448 789 504 annis
805 454 951 521 postquam
966 449 1026 505 edi-

120 547 167 596 tae
183 544 245 595 sunt
261 537 289 592 in
306 537 364 592 suis
383 534 594 605 strategematis
609 538 641 603 8,
662 538 705 592 23.
727 532 912 607 anteposuit.
958 532 1026 590 Cas-

121 624 192 679 sium
214 637 325 693 quoqne
342 615 458 674 Dionem
472 616 607 673 Suetonio
628 615 754 672 studiose
773 632 851 671 usum
868 633 949 686 esse,
972 616 1025 673 etsi

121 722 177 762 non
193 705 350 771 confltetur,
366 700 459 771 arguit
473 701 553 756 locus
569 705 613 769 64,
628 705 738 758 11-13
753 716 807 771 quo
822 700 887 756 loco
903 717 936 756 ea
954 716 1025 770 quae

122 787 273 845 Suetonius
288 804 315 858 p.
332 792 397 855 213,
417 789 453 843 23
467 783 554 856 patris
570 781 613 839 sui
636 783 688 837 ilde
712 782 740 836 in
757 783 865 839 litteras
880 785 1025 855 retulerat,

122 878 256 943 tamquam
278 870 350 940 apud
373 867 524 923 historicos
548 866 660 921 inventa
682 865 822 936 repetivit.
868 869 909 923 lte
923 868 1026 924 Latinis

120 953 328 1025 antiquissimus
345 957 387 1007 est
399 951 595 1018 Tertullianus,
609 946 783 1004 Christianus
798 949 883 1015 Αἴθη
901 966 955 1021 qno
971 967 1025 1008 non
1052 983 1060 998 ·

118 1038 205 1093 multo
227 1036 401 1108 posteriores
426 1034 606 1105 Spartianus,
629 1031 819 1103 Lampridius,
842 1032 1025 1106 Capitolinus,

118 1120 259 1192 Vopiscus
280 1120 424 1190 Augustae
441 1117 577 1173 historiae
597 1115 767 1186 scriptores,
788 1114 813 1172 si
834 1133 888 1173 non
909 1133 1026 1189 prorsus

118 1202 313 1260 contemnendi
335 1207 414 1271 sunt,
436 1199 587 1271 Tranquilli
608 1198 754 1254 imitationi
771 1199 881 1256 debent.
928 1198 1025 1265 Quarti
1096 1216 1101 1239 ¹

117 1287 225 1344 saeculi
241 1286 396 1359 scriptores
414 1283 582 1355 Eutropius,
599 1282 627 1338 S.
644 1281 776 1339 Aurelius
792 1283 908 1353 Viator,
924 1283 1025 1340 lliere-

117 1387 216 1441 nymus
253 1375 281 1424 et
311 1369 411 1424 Paulus
446 1366 563 1422 Orosius
599 1371 700 1421 tantam
734 1367 842 1438 copiam
876 1368 1024 1423 verborum

119 1451 353 1509 Suetonianorum
379 1449 607 1521 descripserunt,
629 1454 658 1502 ut
678 1450 725 1503 vel
747 1451 781 1504 ad
806 1451 1025 1506 emendationem

117 1538 229 1592 illorum
259 1533 408 1591 adhibendi
436 1533 505 1597 siut;
533 1531 662 1586 Decimus
686 1532 827 1589 Ausonius
854 1534 1025 1589 hexametris

115 1626 159 1674 ter
187 1617 334 1674 duodecim
365 1615 513 1672 Caesarum
537 1615 664 1684 numine,
693 1631 799 1685 anuos,
823 1621 926 1698 mortes
950 1632 1025 1671 com-

115 1704 217 1775 plexus
240 1707 293 1757 est.

178 1785 280 1840 Omitto
294 1783 416 1855 Vergilii
433 1782 533 1839 Lucani
550 1781 690 1839 luvenalis
707 1788 953 1855 commentatores,
974 1786 1025 1840 sed

115 1872 169 1925 boc
188 1868 420 1941 praetereundum
440 1883 495 1923 nen
511 1873 569 1936 est,
580 1873 667 1922 sexto
682 1868 795 1924 saeculo
810 1867 941 1924 loannem
955 1869 1024 1925 Lau-

114 1953 234 2009 rentium
265 1953 368 2022 Lydum
398 1957 425 2006 et
459 1951 589 2007 loannem
618 1950 821 2007 Antiochenum
856 1953 1024 2009 laudabilem

115 2052 230 2107 operam
262 2034 389 2091 Suetonii
411 2034 477 2091 vitis
507 2035 666 2106 ceterisque
696 2034 809 2106 scriptis
842 2034 1023 2107 impendisse,

117 2118 239 2175 Graecos
258 2118 399 2184 bominem
421 2134 474 2189 quo
492 2124 617 2189 tempere
640 2118 668 2172 in
688 2117 840 2173 Occidente
862 2125 936 2176 tanta
951 2120 1024 2176 Lati-

116 2218 211 2258 narum
228 2202 382 2259 litterarum
398 2201 505 2256 incuria
521 2201 694 2270 incesserat,
712 2207 742 2255 ut
757 2217 817 2256 cum
830 2202 937 2271 ingenti
953 2204 1024 2258 alio-

114 2302 173 2341 rum
205 2286 339 2341 librorum
370 2286 506 2341 bonorum
537 2283 710 2338 multitudine
741 2284 822 2338 etiam
853 2283 1022 2340 Suetonianu

113 2385 201 2441 opera
228 2370 362 2441 pleraque
384 2368 508 2441 perirent
533 2373 561 2423 et
580 2368 625 2423 vel
648 2367 682 2421 de
706 2366 763 2423 vita
787 2364 934 2422 Caesarum
957 2367 1022 2422 libri

114 2459 191 2522 octo,
208 2453 355 2523 dequibus
371 2453 488 2523 agimus,
505 2468 559 2508 nen
576 2451 687 2506 multum
700 2452 813 2506 abesset
824 2450 889 2520 quin
908 2450 1023 2506 interci-

112 2538 222 2593 dorent.

174 2619 278 2675 Unum
296 2620 478 2691 exemplar
494 2624 585 2675 tantae
601 2618 698 2676 ruinae
715 2618 862 2690 superfuit,
881 2618 964 2689 idque
979 2619 1101 2674 vi-Dtven

112 2703 161 2759 tiis
184 2703 338 2759 minoribus
354 2703 579 2773 maioribusque,
596 2702 642 2758 hie
660 2703 720 2758 illie
734 2702 842 2759 lacunis
862 2719 971 2774 quoque
994 2688 1101 2770 et⁰¹⁸2¹i

113 2785 380 2859 interpolationibus
397 2780 581 2859 foedatum5),
603 2786 668 2856 quin
685 2786 766 2842 etiam
784 2787 895 2856 integro
912 2793 1022 2858 quater-

183 2932 211 2998 b)
229 2933 354 2999 Exemplo
378 2935 445 2985 inira
468 2942 606 2999 ponuntur.
642 2935 680 2985 Ne
700 2936 766 2986 tituli
793 2935 894 2998 quidem
914 2935 1023 2984 vitarum

113 3003 252 3067 incorrupti
273 3012 420 3054 manserunt
443 3002 520 3068 (certe
536 3005 563 3058 G.
584 3004 740 3070 Caligula
764 3018 814 3054 non
833 3019 922 3054 essee
945 3018 1022 3053 manu

113 3071 243 3137 scriptoris
265 3070 375 3136 constat)
398 3086 550 3136 quamquem
568 3072 646 3124 multo
669 3073 758 3138 peiore
776 3073 807 3123 ab
822 3072 960 3123 editoribus
975 3072 1020 3121 ad-

111 3140 191 3190 missa
207 3147 281 3201 sunl,
307 3146 335 3188 ut
355 3139 493 3202 Caesar,
511 3141 719 3192 Octavianus
741 3150 787 3193 ete.
825 3141 941 3191 Ceterum
958 3139 1021 3189 sori-

110 3215 183 3326 ptnm
207 3207 288 3259 luisse
306 3208 407 3260 videtur
423 3209 450 3259 id
476 3210 606 3274 exemplar
626 3210 692 3260 binis
715 3209 843 3261 latereulis
854 3247 861 3272 ‚
888 3206 1020 3260 versieulis

121 3277 250 3328 literarum
268 3276 353 3330 XVlll
368 3277 409 3328 vel
424 3277 494 3340 XIX,
514 3278 582 3341 quod
600 3278 705 3329 coniicic
722 3295 735 3330 e
754 3279 809 3330 loco
828 3294 853 3344 p.
868 3278 926 3340 197,
945 3273 1020 3328 dubl

111 3359 201 3396 omnes
220 3345 277 3396 libri
295 3344 400 3397 habeut:

347 3418 456 3468 manime
469 3431 518 3468 non
535 3417 658 3469 mediocre
675 3419 783 3470 studium

349 3487 458 3536 maxim
475 3494 522 3538 etc.

152 3569 293 3606 snurormm
857 3561 876 3614 b

127 3780 239 3825 l.
