2334 3870
115 134 179 198 att
396 147 426 194 o.
449 145 611 196 sunuorm
633 132 849 203 numentum

119 301 283 364 caeruleum
296 311 438 378 tamquam
454 318 583 368 aurenm;
595 300 634 359 ita
644 296 715 358 illud
729 299 773 357 rei
789 313 891 359 nonen
906 308 973 378 est,
991 299 1052 363 boc
1068 301 1117 365 tle·

118 387 294 446 nominative
309 385 420 443 dicitur.

181 467 236 527 lar
257 487 293 527 an
312 468 496 544 singulariter
514 465 636 543 dicatur]
657 464 701 524 lla
719 481 794 542 quae
813 465 1031 526 innominativo
1048 487 1119 530 casu

117 554 312 627 intereunt,
338 551 475 628 genetivo
491 568 544 628 per
567 550 591 609 is
608 548 787 609 declinantur
809 555 932 626 atquem
946 547 1119 613 admodum

119 653 171 713 par
186 637 281 713 paris,
294 637 337 694 sic
351 633 497 693 barbaris
512 633 592 693 iacit.
1122 664 1137 704 5

179 720 257 778 Inter
278 718 353 778 Anio
379 725 407 775 et
421 716 528 795 Anien}
556 717 714 791 Utrumque
736 713 772 774 ab
796 712 963 775 auctoribus
977 715 1112 778 traditum

119 811 178 871 est;
195 801 298 860 dictum
315 809 360 859 est
375 802 463 859 enim:
494 797 615 860 Aniene
632 796 757 875 plumata.

181 885 198 926 *
240 883 279 962 *l
295 880 315 924 *-
341 884 451 943 instans
466 884 625 962 periculum
640 882 730 943 efficit
744 880 823 959 quod
839 889 888 942 aut
899 880 980 942 videt
993 891 1043 943 aut
1059 901 1118 944 me·

117 969 184 1035 tnit;
206 969 274 1026 item
294 977 386 1027 metus
403 975 447 1027 est
469 977 562 1026 motus
582 968 666 1025 animi
693 984 730 1026 ex
751 965 885 1043 periculo
901 973 1000 1034 certor
1027 984 1120 1046 pavor

120 1060 165 1112 est
181 1051 273 1111 subita
291 1054 393 1110 mentis
410 1052 603 1111 consternatio
618 1068 691 1128 quae
706 1046 779 1109 lacit
797 1047 930 1128 trepidos
949 1066 1038 1129 saepe
1050 1051 1144 1109 siuett

120 1152 217 1209 causa,
233 1143 264 1192 ut
280 1144 346 1211 puta
361 1136 390 1190 in
405 1134 478 1193 silva
493 1133 603 1192 subitus
615 1135 708 1192 avium
722 1140 815 1192 motus
830 1131 902 1192 iacit
918 1130 1042 1210 putidos,
1058 1132 1106 1190 eti·

119 1236 162 1277 am
176 1234 266 1293 equus
279 1216 381 1275 dicitur
390 1216 510 1293 pavidus
522 1219 569 1294 qui
582 1225 658 1276 tactu
671 1215 765 1275 subito
779 1214 977 1283 exhorrescitc
989 1213 1108 1277 iormitlo

117 1302 160 1359 rei
183 1315 288 1357 nomen
304 1307 348 1358 est
370 1317 444 1377 quae
469 1309 589 1379 aspectu
613 1301 763 1360 oculorum
789 1307 880 1358 terret
902 1300 1031 1376 animos,
1044 1300 1115 1359 utin

120 1384 198 1443 circo
214 1385 328 1460 positae
343 1382 455 1443 bestiae
467 1393 576 1444 terrent
589 1392 765 1463 spectantes.

180 1465 293 1544 Accipe
306 1469 353 1546 qui
369 1467 451 1545 dicit,
468 1468 575 1547 aliquid
590 1469 686 1536 tradit;
703 1468 751 1546 qui
772 1465 840 1527 dicit
859 1474 938 1543 tene,
955 1464 1147 1533 ammonet3¹⁵

120 1569 199 1610 sume
216 1553 262 1630 qui
279 1550 362 1627 dicit,
380 1554 524 1628 permittit.

184 1633 297 1694 Animal
316 1651 352 1695 an
372 1635 506 1714 animale]
528 1635 730 1714 Quaecumque
749 1642 850 1694 neutra
872 1633 980 1713 plurali
1001 1649 1118 1694 numero

119 1719 148 1776 in
175 1719 201 1776 ia
225 1727 345 1794 exeunt,
375 1736 409 1778 ea
425 1717 564 1795 singulari
587 1737 603 1777 e
625 1719 775 1793 finiuntur,
806 1725 836 1777 ut
856 1717 951 1778 torale
976 1716 1119 1778 tribunale

120 1800 251 1861 animale.

181 1884 258 1944 Meta
274 1885 410 1942 terminus
422 1885 485 1942 finis
500 1882 568 1960 quid
587 1882 729 1962 differunt]
746 1884 810 1944 linis
824 1882 899 1942 tollit
909 1882 1041 1963 labores,
1053 1882 1146 1945 nutet·

119 1976 164 2025 est
176 1966 265 2025 officii
284 1968 408 2025 muueris
426 1967 595 2045 potestatis,
615 1976 644 2026 et
657 1977 752 2028 terrae
767 1967 831 2027 finis
847 1966 963 2037 dicitur;
978 1969 1118 2028 terminus

118 2048 154 2107 ab
179 2065 215 2108 eo
239 2047 315 2127 quod
340 2056 445 2109 terram
468 2052 574 2110 minuat
596 2061 624 2111 et
646 2060 741 2112 terrae
762 2051 825 2111 finis
841 2058 960 2119 statuat;
980 2060 1060 2113 meta
1075 2059 1119 2112 est

119 2149 193 2210 quae
215 2135 311 2193 incoat
326 2134 448 2211 spatium
471 2143 501 2194 et
522 2143 642 2195 revocat
664 2144 693 2194 et
723 2135 897 2213 ultraquam
918 2133 1002 2195 labor
1023 2143 1071 2196 est
1089 2141 1117 2195 et

120 2217 192 2277 ultra
207 2235 290 2297 quarn
305 2236 362 2276 non
380 2227 433 2277 est.

181 2300 269 2379 Elige
285 2310 313 2361 et
329 2302 423 2379 selige
439 2301 506 2379 quid
520 2301 662 2380 differant}
683 2301 798 2378 eligitur
821 2301 848 2361 id
864 2299 940 2380 quod
964 2308 1050 2362 extra
1065 2308 1144 2380 po·²⁵

119 2386 194 2444 nitur
208 2384 344 2462 legendo,
361 2386 491 2462 seligitur
510 2385 585 2464 quod
600 2385 705 2444 lectum
720 2402 851 2445 seorsum
866 2385 996 2463 ponitur:
1016 2384 1058 2447 ita
1072 2402 1114 2445 se·

119 2467 207 2528 lectio
224 2477 268 2527 est
285 2467 434 2528 cuiuslibet
448 2471 506 2544 rei,
533 2469 637 2527 electio
652 2469 766 2528 nonnisi
781 2485 876 2527 rerum
890 2469 1075 2546 optimarum.

179 2550 271 2611 Nerno
294 2560 321 2610 et
342 2551 436 2609 nullus
460 2552 527 2630 quid
543 2551 685 2629 differant]
708 2568 793 2612 nemo
816 2550 851 2612 ad
871 2568 1030 2631 personam
1052 2570 1112 2633 per·

118 2633 188 2689 tinet
206 2642 404 2710 praesentem,
429 2644 458 2693 at
472 2635 565 2694 nullus
581 2636 608 2693 in
623 2643 747 2712 utroque
764 2653 892 2712 genere,
914 2633 943 2694 itl
958 2643 1004 2695 est
1019 2634 1113 2697 nullus

118 2730 221 2790 equus,
238 2715 332 2773 nullus
346 2716 442 2774 homo.
1120 2733 1141 2777 tt

179 2795 258 2855 luter
268 2796 405 2859 obsecrat
419 2799 580 2859 obtestatur
597 2810 625 2860 et
641 2803 715 2881 orat]
740 2801 878 2863 obsecrat
897 2802 945 2880 qui
969 2820 1026 2881 per
1042 2816 1115 2883 opes

118 2896 216 2939 sacras
240 2891 343 2956 rogat;
371 2884 529 2944 obtestatur
553 2885 600 2962 qui
624 2884 680 2945 fide
706 2887 801 2965 aliqua
822 2887 994 2965 interposita
1020 2893 1116 2966 rogat,

119 2966 200 3042 quasi
216 2972 316 3023 testem
332 2966 479 3028 habiturus
496 2967 619 3046 aliquem
636 2987 755 3047 precum
770 2987 898 3037 suarum;
919 2977 983 3030 orat
998 2971 1051 3049 qui
1072 2971 1116 3031 sio

117 3057 203 3124 rogat
216 3057 246 3107 ut
258 3059 374 3109 moveat
389 3053 494 3112 affectu
510 3053 639 3112 animum.
670 3053 754 3115 Unde
768 3062 796 3112 et
813 3061 957 3131 oratores,
970 3054 1021 3131 qui
1033 3053 1116 3133 quasi

117 3133 229 3191 ratione
244 3133 301 3192 oris
316 3145 472 3210 exponant.
1121 3142 1144 3185 ³⁵

180 3215 258 3276 luter
275 3215 422 3277 delubrum
440 3221 579 3298 ¹templum
601 3222 738 3281 sacellum
752 3221 847 3281 fanum
868 3229 897 3280 et
917 3220 1049 3301 aarum}
1066 3220 1116 3283 tlo-

118 3295 230 3358 lubrum
246 3310 290 3360 est
306 3300 382 3380 quod
402 3301 458 3361 deo
475 3303 600 3364 debitum
616 3306 714 3373 luitur:
736 3305 872 3383 templum
889 3304 967 3383 quotl
985 3314 1116 3366 contem·

122 3378 203 3452 plati?e
220 3384 337 3436 aedibus
348 3386 497 3444 intramus·
514 3388 880 3452 cocullumlnuuapnlrlieqs
893 3405 979 3450 sacra
991 3387 1118 3457 habens,
