2334 3870
500 233 604 281 nano.
994 221 1052 280 179

57 391 174 469 saepius
191 387 310 449 canendi
327 388 445 446 occasio
461 394 550 447 esset.
596 386 680 462 Quod
697 404 759 445 cum
775 385 884 446 tardum
897 386 1052 465 videretur,

57 474 262 534 concessavit
287 469 442 530 identidem
466 488 498 529 se
525 469 683 550 publicare.
734 469 881 529 Dubitavit
910 471 993 530 etiam
1018 487 1053 529 an

57 559 176 637 privatis
190 554 366 636 spectaculis
379 556 719 633 operamintersccnicos
731 555 823 630 daret,
840 553 962 633 quodam
969 556 1052 631 prae·

57 653 149 703 torum
162 640 326 710 sestertium
342 639 441 698 decies
457 639 606 698 offerente.
651 639 831 716 Tragoedias
851 654 967 716 quoque
988 653 1053 696 can·

31 728 128 786 stavit
144 732 330 803 personatus,
347 722 467 782 heroum
485 722 661 800 deorumque
677 725 744 782 item
759 722 908 784 heroidum
932 740 966 781 ac
989 719 1054 780 dea·

56 826 118 870 rum
143 809 278 886 personis
299 807 412 866 allectis
432 806 467 866 ad
489 804 698 865 similitudinem
719 810 776 867 oris
799 810 841 867 sui
864 816 892 866 et
918 806 1053 882 feminae,

57 901 145 972 prout
159 908 298 971 quamque
314 891 458 967 diligeret.
488 889 569 950 lnter
584 898 683 951 cetera
700 893 824 950 cantavit
839 889 972 949 Canacen
988 907 1053 967 par·

58 976 219 1051 turientem,
238 976 361 1035 Oresten
378 975 567 1050 matricidam,
582 973 762 1053 Oedipodem
774 981 971 1048 excaecatum,
982 971 1054 1030 Her·

57 1061 150 1120 colem
165 1062 300 1118 insanum.
344 1058 377 1118 In
394 1077 447 1137 qua
463 1058 560 1119 fabula
575 1059 650 1119 fama
668 1068 722 1135 est,
748 1057 917 1118 tirunculum
938 1055 1056 1117 militem

16 1169 44 1210 ro
57 1145 179 1224 positum
194 1142 229 1203 ad
244 1143 402 1203 custodiam
417 1143 520 1220 aditus,
539 1160 602 1203 oum
615 1162 679 1203 enm
696 1145 791 1204 ornari
808 1161 842 1202 ac
859 1143 960 1200 vinciri
978 1147 1054 1199 eate-

55 1229 109 1303 nis,
124 1229 197 1287 sicut
208 1236 404 1304 argumentum
416 1227 591 1305 postulabat,
604 1227 726 1304 videret,
741 1229 903 1289 accurrisse
915 1223 1055 1285 ferendae

57 1312 123 1371 ois
176 1313 240 1368 atla.

77 1331 95 1390 p
118 1329 263 1470 Egitornm
276 1390 370 1449 studio
385 1390 433 1449 vel
448 1394 606 1469 praecipue
622 1393 656 1450 ab
671 1396 785 1451 ineunte
802 1402 895 1452 aetate
908 1392 1098 1466 bagranum

58 1478 254 1558 plurimusque
270 1473 310 1532 illi
327 1490 431 1549 sermo,
454 1491 623 1552 quamquam
643 1483 798 1549 vetaretur,
820 1475 855 1532 de
879 1471 1057 1531 circensibus

21 1569 137 1629 rserat3
155 1567 184 1617 et
200 1556 342 1636 quondam
363 1565 483 1616 tractum
504 1557 648 1635 prasinum
671 1558 842 1634 agitatorem
863 1559 938 1615 inter
959 1553 1056 1614 condi-

60 1642 188 1722 scipulos
206 1659 347 1720 querens,
367 1640 536 1718 obiurgante
560 1641 750 1721 paedagogo,
767 1640 802 1700 de
817 1640 943 1700 Hectore
961 1657 993 1697 se
1014 1638 1056 1698 lo·

59 1728 107 1808 qui
128 1727 278 1785 ementitus
301 1734 354 1784 est.
401 1725 459 1784 Sed
486 1744 550 1785 cnm
576 1727 650 1785 inter
677 1728 755 1786 initia
782 1726 894 1806 imperii
922 1722 1058 1782 eburneis

59 1810 206 1892 quadrigis
225 1809 330 1869 cotidie
345 1811 374 1869 in
391 1809 482 1870 abaco
498 1810 625 1888 luderet,
649 1811 685 1870 ad
711 1813 802 1870 omnis
825 1811 911 1870 etiam
925 1808 1058 1867 minimos

60 1898 208 1956 circenses
217 1912 233 1952 e
242 1911 361 1952 secessu
374 1894 562 1971 commeabat,
574 1898 665 1974 primo
678 1894 761 1974 clam,
775 1894 878 1954 deinde
891 1892 1056 1973 propalam;

20 1989 90 2041 aout
106 1978 210 2036 nemini
222 1976 335 2036 dubium
352 1987 440 2053 esset,
458 1996 493 2038 eo
510 1978 555 2038 die
574 1982 671 2058 ntique
686 1980 844 2038 affuturum.
882 1978 985 2058 Neque
1001 1977 1056 2036 dis·

60 2060 210 2124 simulabat
224 2059 302 2119 velle
318 2079 351 2119 se
366 2061 520 2140 palmarum
535 2081 681 2122 numerum
702 2064 854 2140 ampliare;
880 2081 969 2141 quare
990 2079 1056 2138 spe·

60 2144 201 2206 ctacnlum
213 2143 409 2223 multiplicatis
418 2145 551 2204 missibus
562 2147 591 2205 in
603 2164 698 2206 serum
711 2146 941 2227 protrahebatur,
957 2163 994 2204 ne
1005 2145 1058 2204 do-

59 2230 141 2290 mmis
162 2228 276 2306 quidem
298 2230 352 2288 iam
375 2229 529 2289 factionum
552 2229 733 2306 dignantibus
753 2232 808 2291 nisi
831 2231 866 2293 ad
891 2233 978 2291 totius
1002 2227 1059 2295 diei

61 2331 175 2374 cursum
190 2331 300 2390 greges
324 2312 442 2373 ducere.
486 2314 555 2374 Mox
577 2323 605 2373 et
626 2317 691 2394 ipse
712 2319 845 2393 aurigare
865 2325 950 2395 atque
973 2314 1076 2373 etiam

21 2423 48 2463 π
61 2399 189 2477 spectari
204 2398 319 2476 saepius
336 2398 436 2473 voluit,
460 2400 615 2478 positoque
636 2401 664 2458 in
683 2398 774 2460 hortis
794 2401 869 2459 inter
888 2399 1006 2459 servitia
1030 2405 1059 2456 et

61 2480 207 2543 sordidam
223 2480 338 2560 plebem
354 2480 523 2560 rudimento,
540 2484 740 2544 universorum
760 2503 792 2544 se
815 2485 907 2545 oculis
928 2486 956 2542 in
978 2484 1057 2541 circo

60 2565 184 2626 unanimo
200 2564 341 2642 praebuit,
358 2567 454 2646 aliquo
471 2567 577 2628 liberto
593 2569 721 2628 mittente
736 2587 870 2648 mappam
882 2567 957 2629 unde
967 2568 1057 2643 tnagi-

61 2657 167 2710 stratus
194 2649 300 2709 solent.
342 2649 407 2711 Nec
434 2660 586 2712 contentus
614 2651 713 2712 harum
735 2655 834 2714 artium
860 2653 1058 2733 experimenta

60 2735 172 2795 Romae
194 2732 325 2812 dedisse,
347 2735 502 2813 Achaiam,
527 2746 556 2797 nt
582 2738 718 2814 diximus,
744 2739 831 2817 petit,
853 2738 920 2797 hinc
937 2738 1058 2797 manime

23 2825 171 2881 somotus:
199 2818 380 2879 instituerant
405 2820 551 2899 civitates,
576 2822 651 2900 apud
668 2841 738 2901 quas
757 2823 858 2881 musici
880 2839 991 2899 agones
1012 2819 1059 2878 edi

62 2901 168 2977 solent,
186 2919 285 2960 omnes
301 2901 532 2966 citharoedorum
550 2923 675 2966 coronas
692 2905 834 2986 adipsum
850 2908 972 2965 mittere.
1001 2903 1059 2962 llas

62 2986 136 3048 adeo
151 2994 235 3062 grate
250 2986 422 3065 recipiebat,
437 2998 467 3048 ut
479 2989 605 3066 legatos,
621 2992 668 3068 qui
684 2989 881 3069 pertulissent,
899 3008 956 3049 non
972 2985 1058 3048 modo

63 3071 171 3150 primos
187 3068 358 3146 admitteret,
379 3072 430 3131 sed
447 3075 531 3133 etiam
546 3073 732 3134 familiaribus
745 3075 838 3153 epulis
849 3077 1058 3153 interponeret.

61 3153 271 3233 Aquibusdam
287 3173 324 3214 ex
338 3155 382 3215 his
397 3166 517 3234 rogatus
538 3165 569 3216 ut
590 3167 718 3218 cantaret
741 3177 830 3238 super
852 3176 986 3235 caenam,
1010 3174 1058 3216 ex·

24 3267 51 3308 ³5
64 3247 224 3317 captusque
244 3239 371 3318 edusius,
388 3240 473 3301 colos
483 3241 566 3302 scire
578 3242 689 3303 audire
703 3243 851 3320 Graecos,
871 3242 1016 3321 solosque
1026 3257 1061 3300 ac

64 3328 93 3384 et
106 3321 217 3382 studiis
234 3322 299 3381 suia
313 3323 423 3403 dignos
435 3328 481 3385 ait.
511 3325 574 3386 Nec
586 3327 769 3405 proiectione
782 3327 879 3404 dilata,
895 3335 925 3386 nt
940 3328 1059 3406 primum

65 3405 228 3484 Cassiopen
243 3407 368 3484 traiecit,
385 3411 479 3470 statim
495 3410 529 3469 ad
552 3429 629 3471 aram
648 3412 726 3473 lovis
742 3411 820 3474 Gasii
834 3420 951 3473 cantare
964 3411 1057 3490 auspi-

65 3497 155 3567 catus,
175 3493 329 3554 certamina
346 3492 486 3574 deinceps
501 3494 572 3557 obiit
587 3499 689 3558 omnia.
733 3497 805 3557 Nam
821 3507 850 3557 et
871 3514 944 3576 quae
966 3494 1102 3570 diver-23

829 3580 898 3643 12*
921 3613 928 3654 5
955 3601 988 3658 0':
1004 3592 1043 3672 {a
