2286 3862
185 220 223 267 VI
530 196 738 261 reuunrrro.

190 381 336 450 postquam
352 374 401 430 tali
421 373 619 445 aequabilitate
643 373 800 443 complures
821 370 975 443 scriptores
992 371 1108 446 antiqui

191 459 269 517 lelici
285 465 385 514 eventu
402 460 437 513 ad
453 458 572 528 optimos
586 457 675 512 libros
694 455 786 511 exacti
802 460 880 524 sunt,
898 454 1017 510 eandem
1034 471 1108 514 con-

191 543 319 601 stantiam
341 541 370 596 in
395 543 450 596 hoc
476 539 615 612 scriptore
637 555 692 594 non
716 538 819 594 dlutius
842 537 999 594 desiderari
1020 542 1106 612 passi

190 643 300 695 sumus,
320 630 348 680 et
368 623 422 679 nisi
444 624 611 680 voluntatem
633 623 709 678 vires
732 622 911 691 defecerunt,
935 622 992 677 hoc
1015 640 1108 696 pras.

190 715 266 768 stare
281 707 374 763 conati
391 723 501 777 sumus,
520 713 550 762 ut
565 705 775 776 antiquissimos
791 705 958 777 eosdemque
975 698 1106 779 optimos

188 795 279 850 libros
295 797 391 847 nostra
407 788 494 846 editio
516 791 619 861 ubique
637 796 665 844 et
687 790 715 845 ln
737 790 865 845 omnibus
887 789 971 846 rebus
993 808 1107 864 aequa-

189 877 286 933 biliter
301 875 430 930 referret.
467 873 498 928 ld
513 890 593 945 quem
609 875 643 929 ad
659 874 768 929 modum
782 872 979 928 instituendum
998 877 1108 935 existi-

189 959 371 1028 maverimus,
390 957 568 1027 docebimus,
584 964 730 1030 postquam
740 957 775 1012 de
786 956 843 1011 vita
855 960 884 1010 et
895 955 1010 1028 scriptis
1028 960 1106 1018 Sue-

189 1044 258 1101 tonii
274 1042 399 1098 breviter
417 1042 637 1113 exposuerimus.

83 1114 166 1209 ἥξω
252 1126 282 1182 G.
296 1125 445 1181 Suetonius
463 1124 639 1195 Tranquillus
656 1139 710 1194 quo
726 1123 847 1196 oppido,
868 1139 923 1195 quo
942 1140 1057 1194 genere
1066 1123 1104 1205 ¹),

188 1227 244 1284 qno
263 1226 336 1267 auno
352 1215 431 1264 natus
449 1207 501 1277 sit,
523 1223 576 1263 neo
590 1207 652 1278 ipse
668 1207 696 1262 in
712 1208 748 1263 iis
763 1207 874 1278 quidem
888 1207 969 1264 libris
986 1210 1037 1280 qui
1054 1231 1104 1270 ae.

188 1299 272 1352 tatem
288 1293 411 1347 tulerunt
428 1290 558 1360 tradidit,
577 1306 668 1361 neque
686 1292 758 1363 apud
774 1290 845 1346 alios
861 1291 1018 1363 scriptores
1042 1312 1102 1355 ma-

187 1377 293 1434 moriae
304 1375 445 1448 proditum
456 1373 578 1446 reperio.
608 1375 652 1430 Ad
665 1373 833 1446 cisalpinam
840 1372 957 1432 Galliam
968 1376 1097 1441 releren-

188 1461 251 1518 dum
264 1458 405 1516 existimat
419 1457 538 1515 Vossius
551 1457 586 1514 de
601 1457 665 1514 hist.
683 1459 739 1515 Lat.
755 1467 781 1528 1,
796 1465 829 1517 31
847 1465 1008 1529 argumento
1021 1463 1098 1533 haud

186 1545 226 1603 ita
241 1546 319 1601 llrmo
331 1559 409 1613 usus,
425 1543 499 1613 quod
512 1541 659 1602 familiaris
676 1543 760 1598 luerit
771 1541 851 1597 Plinii
864 1540 981 1599 hominis
990 1542 1096 1607 ilaus.

186 1629 297 1702 padani.
343 1628 407 1699 lpse
431 1630 627 1680 commemorat
654 1632 760 1695 patrem
783 1625 987 1681 Suetonium
1002 1623 1091 1679 Lae-

186 1717 254 1767 tum
273 1708 384 1764 nomine
406 1715 435 1762 et
451 1707 574 1777 legionis
589 1706 653 1761 Xlll
672 1707 703 1762 G.
720 1707 748 1760 P.
765 1708 794 1762 F.
811 1708 949 1767 tribunum
966 1706 1093 1776 augusti·

187 1792 306 1869 claqium
323 1790 487 1845 interfuisse
509 1790 681 1846 Betriacensi
706 1792 782 1846 bello
803 1791 896 1863 Aprili
917 1806 1010 1848 mense
1029 1790 1098 1866 anni

186 1883 230 1937 69.
246 1876 364 1941 ,Laetum
384 1888 449 1928 mox
468 1872 568 1930 militia
590 1874 763 1945 perfunctum
787 1875 961 1932 matrimonio
982 1888 1100 1947 operam

187 1959 301 2017 dedisse
317 1956 453 2028 putarim,
469 1973 529 2011 cum
546 1957 620 2013 illius
636 1958 663 2013 ei
680 1964 760 2049 uatqs
776 1959 813 2014 sit
827 1958 1005 2031 l'ranquillus
1018 1958 1101 2030 pri-

188 2040 255 2101 mis
272 2039 496 2111 Vespasiani
511 2041 625 2098 annis
657 2041 728 2096 Puer
736 2020 774 2097 et
790 2045 896 2113 patrem
911 2047 1034 2098 atavum
1050 2059 1101 2100 au·

188 2126 259 2182 divit
277 2125 312 2181 de
330 2125 415 2179 rebus
432 2123 555 2195 quihus
546 2123 602 2196 ipsi
624 2123 809 2183 interfuerant
830 2131 974 2182 narrantes
991 2143 1018 2195 p
1038 2131 1112 2196 127,

187 2215 320 2278 25213,
336 2204 384 2265 24
409 2207 460 2263 cir.
481 2226 510 2281 p.
533 2209 916 2278 300,5.545ι1ιιιιιιιιιι
937 2207 1104 2266 Domitiano

186 2296 340 2366 imperante
367 2310 392 2350 a.
415 2298 526 2354 81-96
545 2292 605 2364 egit
623 2295 774 2363 Romaep.
793 2296 862 2356 248,
886 2291 929 2343 36
959 2289 1027 2354 259,
1053 2299 1105 2350 18.

187 2385 255 2449 198,
273 2384 304 2443 ὃς
337 2392 453 2448 quorum
470 2376 597 2432 locorum
618 2382 775 2445 postremus
799 2369 834 2425 ad
858 2383 956 2423 anuum
977 2368 1039 2424 iere
1065 2382 1103 2435 91

185 2462 328 2534 pertinere
343 2459 464 2525 videtur,
481 2473 535 2527 quo
554 2472 625 2511 anno
641 2460 764 2509 mortuus
781 2451 1013 2522 estllologaesus
1030 2455 1102 2513 Par.

188 2545 298 2598 tinorum
317 2557 377 2595 rex.

248 2625 289 2679 De
307 2621 384 2678 virili
403 2625 493 2674 aetate
510 2619 663 2690 l'ranquilli
685 2636 739 2676 non
760 2622 831 2677 adeo
854 2621 946 2676 tenuis
963 2626 1101 2682 memoria

187 2711 318 2779 superest
332 2705 360 2760 in
376 2703 468 2758 Plini
479 2704 559 2760 anis
581 2704 765 2776 epistulis.
802 2705 902 2761 Earum
919 2705 1017 2776 scripti
1032 2715 1102 2765 sunt

187 2806 288 2846 novem
304 2789 369 2844 libri
385 2787 495 2859 priores
511 2795 576 2860 post
590 2789 740 2844 Domitiani
757 2795 871 2845 mortem
888 2796 916 2845 et
933 2794 997 2845 ante
1014 2788 1100 2848 Plinii

255 2933 281 2998 l)
297 2934 377 2984 Huius
389 2937 473 3002 gentis
489 2938 656 3001 antiquiorem
673 2951 724 2986 uon
740 2938 799 2986 novi
812 2951 887 3000 quam
903 2936 929 2987 G.
946 2935 1100 2989 Suetonium

184 3004 320 3053 Paulinum
336 3005 382 3053 sub
399 3005 504 3056 Claudio
522 3013 547 3056 et
562 3006 663 3055 Nerone
680 3005 769 3055 bellica
784 3006 859 3055 leude
875 3006 970 3056 clarum
986 3005 1108 3073 itemque,

185 3087 270 3122 rerum
294 3087 309 3121 a
332 3088 360 3122 se
381 3081 512 3139 gestarum
526 3076 676 3140 scriptorem
695 3073 771 3138 (Plin
792 3089 817 3124 n.
837 3073 864 3126 h.
883 3074 900 3125 5
921 3072 1025 3137 914),
1052 3077 1099 3140 qul

184 3149 313 3206 postremo
328 3141 354 3189 in
368 3142 525 3193 Betriacensi
541 3144 594 3193 acie
607 3140 755 3192 Othonianis
770 3144 850 3209 copiis
865 3145 981 3206 interque
997 3158 1041 3192 eas
1060 3144 1098 3193 le·
1118 3202 1122 3213 1

184 3210 256 3276 giomi
266 3207 326 3258 Xlll
337 3210 464 3274 praefuit
483 3219 511 3262 ut
522 3212 600 3262 refert
612 3211 712 3263 Tacitus
725 3211 784 3264 hist.
799 3215 823 3273 2,
836 3214 879 3264 24
897 3213 940 3263 44
979 3211 1118 3265 Omnium

183 3285 328 3359 postremus
350 3295 407 3330 esse
427 3279 527 3330 videtur
549 3279 685 3332 Suetonius
704 3279 867 3361 optatianus,
887 3281 931 3344 qui
947 3279 1054 3330 'faciti'
1047 3295 1097 3330 rm*
1114 3340 1118 3353 Ι

183 3345 348 3412 peratorisa.
367 3347 419 3398 275
434 3356 459 3398 et
478 3348 529 3400 276
549 3349 626 3399 vitam
645 3349 761 3416 scripsit,
786 3356 814 3399 ut
831 3350 958 3415 Vopiscus
974 3348 1075 3399 tradit
1067 3362 1095 3398 ιιι

162 3413 269 3464 -Taoito
288 3414 330 3469 11.
368 3415 557 3480 Tranquillinus
579 3417 681 3482 quidam
707 3415 814 3467 Sanctus
841 3427 879 3468 est
903 3417 1024 3468 ecclesiae
1043 3417 1099 3466 Ro-

162 3497 283 3534 manae.
