2286 3862
110 191 169 253 158
198 203 228 253 c.
244 201 395 250 suunour
413 198 541 258 unaue.
557 199 605 245 ns
620 199 703 245 v1rn
726 197 909 246 cassanum
923 198 999 247 nun.
1014 199 1051 248 v.

110 375 223 439 perque
250 355 372 416 mediam
400 372 533 430 caveam,
562 351 730 413 sedentibus
756 371 792 414 ac
814 352 968 415 silentibus
995 357 1118 437 cunctis,

111 441 322 502 descendisset.
370 439 452 498 Fecit
482 447 511 497 et
541 436 732 513 Saeculares,
765 438 847 516 quasi
872 439 1055 518 anticipatos
1083 442 1117 504 ab

110 525 245 604 Augusto
261 543 317 585 nec
342 524 474 600 legitimo
494 522 619 601 tempori
641 531 824 600 reservatos,
844 525 980 600 quamvis
1001 527 1115 604 ipsein

110 610 240 670 historiis
257 611 315 670 suis
331 607 452 686 prodat,
473 608 653 668 intermissos
675 624 728 666 eos
743 605 905 684 Augustum
925 608 1020 669 multo
1033 620 1111 688 post,

111 695 331 772 diligentissime
344 709 482 751 annorum
490 694 601 752 ratione
610 690 759 768 subducta,
771 693 799 751 in
810 690 944 751 ordinem
951 692 1128 771 redegisse.5

112 780 209 855 Quare
223 795 283 837 vox
298 778 453 857 praeconis
473 777 556 837 irrisa
580 784 641 852 est,
664 775 809 834 invitantis
823 793 906 836 more
926 776 1060 837 sollemni
1072 777 1108 837 ad

110 862 211 938 ludos,
228 878 306 942 quos
319 879 376 921 nec
386 867 560 939 spectasset
569 859 732 941 quiequam
742 877 800 920 uec
810 865 1012 938 spectatum
1024 869 1112 939 meet,

112 963 175 1006 cum
192 955 385 1025 superessent
400 945 494 1005 adhuc
507 946 555 1024 qui
578 952 799 1024 spectaverant,
822 952 851 1004 et
867 944 986 1022 quidam
999 944 1114 1007 bistrio·

108 1049 175 1091 num
198 1029 332 1107 producti
357 1030 425 1090 olim
451 1038 519 1088 tunc
540 1047 656 1107 quoque
678 1027 919 1106 producerentur.
956 1028 1114 1093 Circenses

109 1114 279 1193 frequenter
302 1116 388 1174 etiam
403 1116 433 1172 in
448 1114 591 1173 Vaticano
617 1114 772 1190 commisit,
795 1130 1013 1192 nonnumquam
1028 1117 1140 1178 iuter-o

108 1200 183 1258 iecta
206 1217 260 1277 per
283 1199 387 1277 quinos
402 1199 506 1256 missus
526 1198 691 1257 venatione.
712 1195 799 1257 Circo
812 1214 884 1257 vero
898 1200 1030 1261 maimo
1044 1218 1113 1261 mar·

107 1284 216 1343 moreis
233 1282 400 1342 carceribus
423 1283 590 1360 auratisque
613 1282 713 1359 metis,
737 1299 811 1360 quae
832 1290 956 1360 utraque
971 1293 1008 1344 et
1029 1286 1115 1346 tolina

109 1386 142 1428 ac
155 1367 252 1444 lignea
265 1376 349 1428 antea
358 1366 482 1444 lucrant,
496 1367 624 1443 exculto,
638 1367 758 1445 propria
770 1365 955 1427 senatoribus
967 1370 1115 1429 constituit

108 1451 173 1511 loca
190 1452 356 1531 promiscue
378 1460 513 1533 spectare
535 1450 645 1519 solitis;
672 1469 708 1510 ac
725 1468 814 1530 snper
830 1450 1040 1530 quadrigarum
1056 1472 1113 1515 ccr-

108 1537 213 1597 tamina
228 1537 333 1597 Troiae
350 1535 443 1596 lusum
456 1536 585 1596 exhibuit
600 1543 629 1595 et
643 1534 814 1611 Africanas,
831 1536 1010 1598 conficiente
1027 1547 1138 1599 turmae

109 1622 234 1698 equitum
251 1623 513 1700 praetorianorum,
532 1620 651 1680 ducibus
666 1619 787 1679 tribunis
802 1621 927 1699 ipsoque
943 1622 1113 1701 praelecto;

109 1715 263 1783 praeterea
290 1703 448 1765 Thessalos
476 1706 605 1786 equites,
634 1707 680 1782 qui
709 1705 791 1765 leros
818 1713 917 1765 tauros
944 1723 1001 1784 per
1024 1708 1113 1787 spatia

110 1789 180 1847 circi
200 1798 287 1865 agunt
308 1788 492 1866 insiliuntque
515 1787 652 1847 defessos
672 1798 701 1847 et
721 1788 757 1848 ad
779 1797 884 1849 terram
908 1789 1053 1853 cornibus
1068 1791 1112 1851 de

108 1872 230 1931 trabunt.

170 1953 346 2014 Gladiatoria
376 1972 494 2016 munera
517 1955 695 2034 plurifariam
717 1975 752 2017 ac
773 1957 944 2035 multiplicia
968 1958 1136 2021 exhibuitnt

108 2039 333 2098 anniversarium
356 2040 384 2098 iu
408 2042 511 2100 castris
527 2042 720 2118 praetorianis
737 2042 799 2101 sine
817 2043 976 2104 venatione
990 2062 1111 2124 appara·

108 2129 215 2202 tuque,
236 2125 339 2184 iustum
357 2132 444 2204 atque
464 2125 623 2203 legitimum
637 2126 667 2185 in
681 2126 795 2204 Septis;
825 2125 932 2191 ibidem
952 2128 1111 2190 extraordi-

108 2209 218 2267 narium
243 2217 272 2268 et
293 2208 384 2270 breve
407 2209 575 2289 dierumque
600 2227 771 2289 paucorum,
801 2211 936 2291 quodque
959 2214 1112 2294 appellare

110 2295 208 2371 coepit
224 2295 446 2374 sportulam,
467 2297 533 2373 quia
549 2296 670 2374 primum
681 2294 798 2355 daturus
811 2295 960 2374 edixerat,
975 2296 1114 2361 oelutod

108 2376 243 2439 seditem
256 2380 489 2458 condictamque
502 2379 663 2440 coenulam
677 2379 812 2441 invitare
825 2397 860 2441 se
871 2382 1036 2460 poputum.
1052 2382 1140 2443 Nece

107 2462 166 2521 ullo
186 2464 347 2541 spectaculi
362 2482 473 2541 genere
497 2465 673 2524 communior
694 2473 741 2524 aut
762 2467 912 2525 remissior
929 2474 1010 2544 erat,
1040 2467 1113 2530 adeo

107 2554 137 2604 ut
152 2547 267 2607 oblatos
279 2547 440 2608 victoribus
452 2566 557 2608 aureos
568 2548 682 2628 prolata
695 2549 810 2610 sinistra
820 2552 931 2629 pariter
943 2568 1010 2611 curn
1023 2552 1112 2631 vulgo

107 2647 184 2690 voce
210 2630 365 2710 digitisque
386 2641 565 2710 numeraret,
598 2651 633 2693 ac
652 2651 743 2713 saepe
760 2632 903 2694 hortando
919 2635 1113 2717 rogandoque

107 2712 143 2772 ad
157 2713 329 2775 bilaritatem
345 2716 476 2776 homiues
495 2727 688 2795 provocaret,
705 2717 870 2778 dominos
887 2716 1048 2783 identidem
1064 2739 1112 2802 ap·

108 2798 238 2876 pellens,
260 2800 394 2860 immixtis
410 2800 551 2861 interdum
565 2801 679 2880 frigidis
695 2811 724 2862 et
739 2804 888 2863 arcessitis
903 2804 994 2872 iocis;
1019 2806 1137 2885 qualis

108 2891 154 2940 est
171 2892 200 2942 ut
215 2902 279 2942 cum
293 2884 459 2945 Palumbum
481 2886 693 2964 postulantibus
709 2885 837 2947 daturum
859 2906 892 2948 se
908 2889 1063 2968 promisit,
1086 2890 1117 2950 si

108 2973 220 3045 captes
232 2975 320 3029 esset.
338 2969 412 3030 lllud
424 2970 510 3049 plane
524 2972 703 3050 quantumvis
716 2971 872 3031 salubriter
880 2981 909 3031 et
922 2973 1114 3054 intempore:

108 3069 170 3110 cum
188 3052 353 3131 essedario,
376 3072 431 3134 pro
453 3072 510 3133 quo
526 3036 660 3134 quattdor
674 3055 715 3115 lili
730 3054 980 3136 deprecabantur,
1004 3076 1114 3138 magno

108 3139 230 3197 omnium
247 3139 349 3198 lavore
370 3138 537 3198 indulsisset
552 3139 669 3217 rudem,
691 3139 816 3200 tabulam
832 3140 901 3200 ilico
920 3143 998 3202 misit
1014 3143 1101 3205 admo

106 3239 178 3281 nens
192 3223 338 3301 populum,
354 3229 468 3302 quanto
481 3241 575 3302 opere
586 3223 701 3285 liberos
712 3224 873 3304 suscipere
883 3223 1019 3304 deberet,
1036 3245 1129 3308 qaus

105 3304 225 3367 videret
246 3312 275 3367 et
295 3307 470 3387 gladiatori
488 3309 652 3386 praesidio
671 3309 855 3389 gratiaeque
869 3327 945 3371 esse.
967 3309 1069 3374 Edidit
1084 3322 1115 3374 et

105 3387 132 3446 lu
156 3390 259 3452 blartio
284 3410 386 3471 campo
410 3395 654 3472 expuguationem
680 3392 929 3474 direptionemque
953 3397 1056 3476 oppidi
1077 3397 1114 3459 ad

104 3473 255 3552 imaginem
272 3476 408 3538 bellicam
424 3486 452 3537 et
475 3476 649 3537 deditionem
665 3477 829 3538 Britanniae
847 3497 966 3559 regum,
989 3500 1114 3561 praese·
