2334 3870
438 231 668 280 pomeranos
992 219 1052 278 251

58 390 181 451 delatum
191 406 246 449 uec
259 387 435 463 infitiantem,
453 387 577 447 iactasse
592 405 625 447 se
643 405 717 465 qnae
737 386 913 466 providisset
926 405 964 446 err
981 396 1055 467 arte,

59 475 218 535 sciscitatus
237 481 290 550 est,
306 472 369 550 quis
385 474 477 550 ipsum
488 481 617 532 maneret
630 473 738 541 exitus;
756 480 785 531 et
797 471 994 548 affirmantem,
1009 472 1054 532 fo·

58 578 90 621 re
104 568 133 619 ut
147 558 229 617 brevi
246 557 424 617 laceraretur
442 573 458 616 a
474 555 606 633 canibus,
619 557 742 616 interfici
754 555 868 634 quidem
882 557 944 615 sine
962 573 1053 633 mora,

57 644 109 704 sed
124 643 160 703 ad
186 639 400 718 coarguendam
418 641 608 701 temeritatem
627 643 696 701 artis
721 641 844 719 sepeliri
875 656 992 718 quoque
1008 658 1054 699 ac-

30 749 42 786 s
57 728 236 788 curatissime
248 724 409 802 imperavit.
443 723 528 799 Quod
541 741 604 784 cnm
616 725 713 803 fieret,
730 726 827 785 evenit
840 733 884 801 ut,
903 724 1055 802 repentina

55 817 230 889 tempestate
248 808 362 868 deiecto
380 808 499 885 funere,
521 810 687 868 semiustum
705 809 829 869 cadaver
853 808 1056 886 discerperent

58 912 162 971 canes,
176 892 262 970 idque
275 893 303 952 ei
316 894 445 954 caenanti
458 911 474 952 a
485 893 569 953 mimo
581 892 696 969 Latino,
715 895 762 970 qui
779 895 958 971 praeteriens
976 892 1055 952 forte

57 977 306 1054 animadverterat,
319 979 393 1036 inter
406 987 521 1037 ceteras
534 976 589 1036 diei
601 975 717 1037 fabulas
728 976 896 1036 referretur.

118 1060 213 1121 Pridie
228 1079 312 1140 quam
322 1062 440 1139 periret,
455 1079 519 1121 cum
531 1061 647 1122 oblatos
659 1060 777 1121 tuberes
796 1062 907 1121 servari
925 1061 1098 1125 iussisset16

19 1149 81 1211 noio
97 1148 260 1222 crastiuum,
274 1145 392 1206 adiecit:
409 1145 447 1206 Si
464 1145 555 1207 modo
570 1147 618 1207 uti
636 1144 776 1205 licuerit!
794 1154 823 1204 et
842 1162 1001 1204 conversus
1021 1142 1057 1204 ad

56 1232 203 1309 proximos
216 1229 377 1307 affirmavit,
388 1229 460 1308 fore
472 1236 507 1290 ut
519 1230 657 1311 sequenti
670 1230 720 1292 die
734 1229 809 1291 luno
823 1247 859 1290 se
872 1229 905 1291 io
921 1227 1055 1310 uquurt'o

57 1318 231 1373 cruentaret
243 1312 419 1393 factumque
430 1315 557 1391 aliquod
568 1316 723 1391 existeret,
737 1314 846 1394 dequo
859 1314 1056 1394 loquerentur

56 1394 193 1457 homiues
202 1412 261 1472 per
277 1395 556 1456 sarcasmorum.
577 1396 616 1454 At
625 1397 831 1457 circam'ediam
838 1407 953 1457 noctem
965 1400 1003 1456 ita
1012 1404 1057 1455 est

58 1481 223 1555 exterritus,
237 1486 267 1537 ut
279 1496 296 1537 e
311 1484 400 1537 strato
413 1477 571 1556 prosiliret.
599 1478 712 1537 Dehinc
722 1495 805 1538 mane
823 1478 1006 1556 haruspicem
1020 1495 1058 1540 ex

25 1585 47 1631 us
58 1565 209 1626 Germania
224 1562 352 1637 missum,
365 1562 413 1639 qui
426 1560 574 1620 consultus
586 1561 621 1620 de
633 1560 749 1638 fulgure
766 1562 949 1622 mutationem
961 1575 1057 1619 rerum

56 1648 256 1729 praedixerat,
281 1646 368 1705 audiit
386 1645 662 1725 condemuavitque;
680 1663 713 1704 ao
732 1644 797 1704 dum
815 1645 1010 1706 exulceratam
1028 1645 1057 1704 in

55 1736 151 1793 fronte
174 1749 325 1792 verrucam
348 1730 545 1790 uehementius
568 1729 690 1809 scalpit,
718 1728 880 1808 profluente
906 1729 1056 1806 sanguine,

58 1816 181 1879 Utinam
197 1815 287 1894 inquit
306 1815 473 1877 hacteuus!
501 1815 581 1876 Tunc
599 1815 687 1875 horas
699 1815 859 1893 requirenti
877 1832 930 1893 pro
950 1814 1057 1892 quinta,

58 1920 142 1980 quam
159 1899 319 1977 metuebat,
343 1908 426 1960 sexta
446 1919 484 1960 ex
501 1900 640 1960 industria
662 1902 788 1960 nuntiata
810 1908 864 1958 est.
908 1898 959 1959 His
978 1895 1058 1956 velut

19 2007 47 2047 20
57 1993 203 2045 transacto
215 1986 271 2042 iam
284 1984 414 2062 periculo
428 1985 545 2062 laetum,
556 1985 798 2062 festinantemque
810 1984 846 2043 ad
858 1985 993 2064 corporis
1009 2000 1056 2040 cu·

57 2088 117 2129 ram
129 2067 298 2127 Parthenius
312 2067 446 2127 cubiculo
459 2072 643 2148 praepositus
657 2069 815 2145 convertit,
834 2069 964 2130 nuntians
977 2084 1056 2144 esse,

58 2156 105 2232 qui
117 2169 251 2229 magnum
263 2151 362 2211 nescio
376 2151 443 2229 quid
455 2152 580 2229 afferret,
592 2170 647 2212 nec
660 2152 856 2212 differendum.
873 2151 974 2230 ltaque
983 2168 1056 2210 sum·

56 2239 143 2298 motis
157 2236 298 2312 omnibus,
311 2237 339 2295 in
353 2235 515 2296 cubiculum
527 2254 559 2295 se
571 2238 684 2316 recepit
696 2245 782 2314 atque
795 2237 833 2296 ibi
849 2239 965 2298 occisus
981 2242 1035 2294 est.

118 2322 163 2381 De
175 2320 340 2381 insidiarum
353 2320 509 2398 caedisque
520 2338 631 2397 genere
645 2320 718 2380 haec
734 2321 799 2380 fere
817 2321 965 2400 divulgata
982 2326 1099 2394 snut.17

20 2429 48 2468 25
60 2405 265 2467 Cunctantibus
278 2405 468 2484 conspiratis,
487 2404 599 2483 quando
613 2414 642 2464 et
657 2422 714 2482 quo
732 2405 837 2483 modo,
856 2405 884 2466 id
898 2414 944 2464 est
960 2404 1057 2464 lavan-

58 2501 153 2551 temne
166 2507 202 2549 au
215 2498 399 2566 caenantem,
417 2488 664 2567 adgrederentur,
688 2489 852 2568 Stephanus
859 2487 1058 2567 Womitillae

58 2582 242 2656 procurator,
256 2581 284 2633 et
296 2582 363 2634 tunc
377 2577 601 2653 interceptarum
614 2574 799 2653 pecuniarum
811 2592 888 2652 reus,
908 2572 1058 2635 consilium

58 2676 236 2739 operamque
249 2658 361 2737 optulit.
392 2658 437 2719 Ao
453 2659 632 2719 sinisteriore
643 2657 777 2737 brachio,
791 2658 870 2718 velut
889 2675 994 2736 aegro,
1016 2655 1056 2716 la-

57 2747 102 2804 nis
113 2744 270 2822 fasciisque
283 2761 336 2823 per
348 2743 457 2822 aliquot
474 2742 536 2803 dies
553 2743 588 2803 ad
605 2742 789 2804 avertendam
802 2744 995 2823 suspicionem
1006 2738 1056 2800 ob·

22 2852 49 2894 so
60 2828 170 2904 voluto,
183 2827 219 2887 ad
231 2830 324 2907 ipsam
334 2827 435 2888 boram
447 2827 583 2888 dolonem
595 2829 753 2897 interiecit;
766 2827 975 2908 professusque
988 2841 1056 2886 cou-

57 2913 224 2993 spirationis
235 2911 704 2997 ildissfflmffi,2besdn‚fiasl§„a
717 2912 828 2990 legenti
845 2911 979 2971 traditum
997 2927 1013 2968 a
1025 2924 1057 2967 se

57 2997 187 3059 libellum
200 3005 228 3056 et
241 2987 488 3056 atlouilo'sulfodit
497 2997 624 3074 inguina.
657 2996 790 3056 Saucium
803 3014 836 3057 ac
848 3002 1058 3075 repugnantem

58 3082 150 3144 adorti
163 3079 318 3142 Clodianus
333 3079 555 3158 cornicularius,
573 3089 602 3140 et
617 3080 758 3141 Maximus
774 3080 909 3142 Partheni
927 3078 1056 3153 libertus,

59 3176 88 3228 et
106 3166 235 3226 Saturius
253 3165 372 3225 decurio
396 3164 649 3242 cubiculariorum,
669 3165 828 3243 etquidem
847 3184 863 3226 e
883 3161 1057 3243 gladiatorio

21 3275 48 3316 ss
58 3250 127 3312 ludo
140 3249 308 3310 vulneribus
327 3257 440 3329 septem
452 3249 695 3310 contrucidarunt.
718 3249 808 3331 Puer,
817 3251 865 3328 qui
877 3266 945 3309 arae
956 3247 1058 3308 Larum

60 3334 183 3396 cubiculi
199 3354 236 3395 ex
247 3334 455 3395 consuetudine
468 3334 608 3394 assistens
619 3333 747 3395 interfuit
759 3334 853 3411 caedi,
865 3333 922 3394 hoo
935 3333 1058 3412 amplius

58 3419 206 3498 narrabat,
227 3421 334 3481 iussum
349 3437 382 3480 se
394 3438 411 3482 a
422 3419 585 3480 Domitiano
598 3417 634 3479 ad
648 3419 768 3498 primum
785 3421 879 3480 statim
891 3418 993 3478 vulnus
1007 3436 1052 3495 pu·

58 3507 175 3583 gionem
188 3505 306 3586 pulvino
325 3503 466 3566 subditum
482 3504 636 3584 porrigere
656 3521 691 3564 ac
708 3504 854 3564 ministros
866 3520 992 3578 vocare,
1009 3519 1052 3560 ne
