2334 3870
98 180 138 244 30
183 190 214 239 e.
229 189 380 239 suuuour
399 188 528 250 nunno.
544 189 591 236 uu
607 188 690 236 urus
705 187 889 236 osusuuuu
903 187 973 236 urs.
990 188 1015 238 1.

98 365 179 424 vum,
200 347 248 426 qui
262 362 366 405 uocem
383 362 463 405 suam
477 361 531 424 per
546 361 688 405 venenum
700 343 823 404 inimicis
836 343 1028 422 promiserat,
1045 362 1107 407 non

97 433 215 510 gravium
238 447 322 511 quam
345 429 468 508 simplici
491 437 585 488 morte
609 429 699 509 puniit
706 451 714 499 ;
741 429 772 487 iu
798 425 929 488 Publium
957 424 1104 507 (llodiunr,

98 515 254 597 Pompeiae
266 514 367 574 uxoris
381 531 451 574 suae
465 512 624 574 adulterum
637 522 722 593 atque
735 511 837 574 eadem
851 510 889 570 de
904 529 992 573 causa
1003 513 1102 591 pollu-

97 610 189 662 tarum
209 599 448 661 caerimoniarum
466 614 560 675 reum,
582 599 666 658 testis
685 599 805 674 citauu,
827 596 949 674 negavit
966 613 998 659 sc
1016 598 1097 675 quic·

98 703 181 764 mam
201 684 399 764 comperisse,
422 684 551 762 quamvis
574 690 604 743 et
623 691 715 744 mator
733 680 853 742 Aurelia
872 689 903 741 et
923 696 1008 741 soror
1023 678 1116 740 lulius

98 769 173 849 apud
187 769 307 829 eosdem
322 767 433 828 iudices
448 768 543 828 omnia
558 786 595 827 ex
609 767 666 828 lide
685 768 868 835 retulissent;
889 765 1095 843 interrogatus·

98 873 170 934 que,
184 871 235 914 our
250 854 338 931 igitur
348 851 532 932 repudiasset
545 870 682 929 uxorem,
699 849 868 926 Quoniam,
888 851 996 930 iuquit,
1016 866 1101 910 meos
1126 854 1127 857 ’

56 944 87 1003 ts
97 945 160 999 tom
172 937 351 1017 suspicione
365 954 456 1018 quom
472 937 598 998 crimine
612 936 716 998 iudico
731 953 842 997 curere
856 940 1010 1013 oportere.
1040 933 1102 995 blo·

97 1022 276 1085 demtionem
296 1040 369 1084 uero
392 1021 630 1101 clementiamque
649 1038 713 1081 cum
730 1021 759 1079 iu
780 1018 1027 1080 administratione
1043 1027 1101 1078 tum

96 1109 125 1168 in
146 1109 270 1169 victoria
290 1107 360 1168 belli
386 1106 479 1165 civilis
501 1104 697 1166 admirabilem
724 1103 863 1165 exhibuit.
906 1102 1151 1165 [renuntiantem

96 1191 251 1272 Pompeio,
272 1207 326 1270 pro
342 1189 474 1250 hostibus
488 1207 521 1248 se
536 1188 696 1249 habitururn
716 1190 764 1269 qui
779 1191 822 1249 rei
837 1187 976 1269 publicae
993 1186 1097 1248 deluis·

97 1285 175 1353 sent,
192 1277 257 1354 ipse
269 1273 381 1334 medios
396 1282 426 1334 et
440 1275 569 1333 neutrius
584 1275 674 1355 partis
690 1291 806 1334 suorum
818 1273 873 1334 sibi
887 1289 1007 1333 numero
1023 1271 1095 1333 iutu-

95 1376 146 1421 ros
161 1360 366 1441 pronuntiauit.
412 1356 521 1433 Quibus
543 1368 638 1420 autem
655 1377 693 1419 en
712 1358 964 1419 commendatione
978 1356 1099 1438 Pompei

96 1444 214 1505 ordines
231 1443 359 1522 dederat,
376 1452 551 1523 potestatem
563 1443 727 1505 transeundi
741 1444 777 1505 ad
791 1461 856 1504 eum
872 1440 1005 1503 omnibus
1016 1441 1099 1504 iecit.

94 1529 182 1592 blotis
203 1528 278 1609 apud
297 1528 422 1591 ilerdam
445 1527 599 1590 deditionis
625 1528 852 1607 conditionibus,
877 1545 958 1604 cum,
983 1526 1136 1589 assiduum

94 1616 322 1694 interutrasque
342 1622 441 1694 partes
459 1632 513 1673 usu
529 1621 613 1693 atque
634 1616 827 1690 commercio,
849 1612 987 1673 Afranius
1001 1619 1032 1672 et
1046 1611 1098 1673 Pe·

94 1700 185 1759 treius
199 1697 402 1777 deprehensos
417 1700 490 1758 intra
506 1707 602 1758 castra
616 1697 743 1760 Iulianos
759 1697 852 1759 subita
867 1697 1046 1777 paenitentia
1057 1697 1097 1756 in·

94 1782 295 1858 terfccissent,
318 1782 469 1842 admissam
488 1783 517 1840 in
537 1800 570 1842 se
586 1783 735 1861 perfidiam
753 1801 812 1843 nou
832 1783 966 1843 sustinuit
985 1781 1098 1842 imitari.

93 1866 168 1928 Acie
182 1864 349 1927 Pharsalica
366 1865 558 1945 proclamauit
571 1874 601 1925 ut
616 1866 728 1926 ciuibus
742 1875 926 1947 parceretur,
944 1866 1100 1947 deinceps·

94 1969 150 2031 que
174 1950 280 2011 nemini
300 1965 359 2009 uon
383 1968 500 2011 suorum
524 1968 608 2030 quem
628 1951 719 2012 uellet
743 1969 827 2012 unum
844 1952 936 2031 partis
956 1950 1135 2013 adversaero

93 2052 214 2096 servare
230 2035 389 2095 concessit.
431 2034 460 2095 N
461 2053 497 2094 ec
510 2035 561 2095 ulli
574 2037 689 2117 perisse
703 2037 758 2096 nisi
772 2037 801 2096 iu
814 2036 929 2116 proelio
946 2036 1100 2116 reperien-

93 2128 152 2198 tur,
172 2120 306 2198 cxoeptis
324 2117 390 2179 dum
409 2128 489 2182 taxat
503 2119 625 2182 Abanio
646 2129 676 2181 et
694 2120 803 2183 Fausto
819 2130 849 2182 et
862 2120 952 2181 Lucio
969 2118 1100 2183 (laesere

92 2203 213 2274 invene:
236 2221 271 2265 ac
289 2222 326 2264 ne
347 2204 402 2264 hos
424 2204 539 2284 quidem
556 2206 705 2268 uoluntate
724 2208 816 2286 ipsius
837 2206 1030 2286 interemptos
1047 2223 1099 2286 pu·

93 2298 168 2368 tant,
191 2305 311 2369 quorum
332 2297 427 2351 tamen
449 2299 479 2350 et
498 2293 614 2371 priores
633 2300 701 2372 post
718 2293 897 2371 impetratam
918 2291 1033 2351 venians
1051 2307 1098 2351 re·

92 2373 275 2436 bellaverunt
296 2383 325 2434 et
348 2372 472 2453 Caesar,
492 2375 605 2436 libertis
627 2377 779 2456 seruisque
801 2376 863 2435 eius
883 2374 965 2435 ferro
985 2383 1015 2436 et
1035 2373 1134 2452 ignire

93 2458 242 2520 crudelem
256 2460 285 2518 iu
298 2459 413 2520 modum
429 2460 556 2537 enectis,
572 2460 682 2520 bestias
698 2476 815 2539 quoque
830 2459 866 2520 ud
877 2475 979 2520 munus
994 2457 1098 2540 populi

93 2551 274 2621 comparatas
288 2542 550 2604 contrucidaverat.
575 2543 707 2624 Denique
719 2553 852 2625 ternpore
864 2552 997 2605 extremo
1010 2545 1098 2604 want

91 2624 194 2704 quibus
214 2624 339 2685 nondum
360 2627 513 2704 ignoverat
533 2629 644 2689 cunctis
669 2629 698 2688 in
718 2627 829 2690 ltaliam
847 2627 944 2689 redire
965 2628 1099 2708 permisit

90 2710 332 2788 magistratusque
351 2718 381 2769 et
396 2711 516 2790 imperia
536 2728 657 2791 capere;
677 2711 731 2772 sed
745 2721 775 2772 et
787 2720 896 2774 statuas
913 2713 983 2774 buci
996 2712 1097 2783 Sullae

90 2801 176 2872 atque
190 2792 311 2871 Pompei
333 2811 349 2854 a
367 2793 456 2875 plebe
474 2793 611 2857 disiectas
626 2797 774 2876 reposuit;
797 2815 832 2858 ac
852 2798 876 2857 si
897 2815 954 2879 que
969 2796 1133 2877 postlraoso

90 2886 139 2938 aut
154 2878 351 2955 cogitarentur
366 2879 485 2956 marius
500 2879 640 2942 adversus
654 2900 688 2942 se
702 2890 750 2942 aut
765 2880 946 2959 dicerentur,
960 2881 1096 2943 inhibere

90 2961 188 3023 maluit
202 2979 285 3042 quarn
299 2962 458 3024 vindicare.
491 2964 591 3045 ltaque
606 2974 636 3025 et
647 2965 778 3027 detectas
796 2967 1011 3028 coniurationes
1025 2982 1094 3027 con·

90 3056 251 3126 ventusque
268 3056 427 3108 nocturnos
442 3066 500 3110 uon
515 3050 590 3111 ultra
606 3052 717 3130 arguit,
737 3068 820 3131 quam
833 3059 864 3112 nt
879 3050 977 3112 edicto
996 3059 1093 3113 osten·

91 3130 175 3193 deret
189 3149 256 3192 esse
273 3131 329 3192 sibi
343 3141 445 3212 notas,
465 3143 496 3194 et
510 3134 618 3195 acerbe
638 3135 824 3215 loquentibus
840 3137 910 3197 satis
923 3133 1024 3197 babuit
1036 3151 1093 3217 pro

92 3217 229 3280 contione
243 3214 411 3279 denuntiare
425 3237 462 3278 ne
476 3228 717 3298 perseuerarent,
734 3220 860 3302 Aulique
877 3218 1023 3282 Caecinae
1037 3219 1130 3287 cri-ss

90 3302 284 3363 minorissimo
308 3302 383 3364 libro
411 3313 441 3365 et
467 3302 590 3365 Pitholai
613 3305 785 3366 carminibus
810 3304 1094 3367 maledicentissimis

90 3385 246 3447 laceratam
262 3389 503 3450 existimationem
518 3407 597 3451 suam
613 3390 690 3450 ciuili
705 3391 799 3451 auimo
813 3388 886 3451 tulit.

47 3475 82 3537 lb
154 3470 352 3549 Praegrauant
371 3483 466 3538 tamen
486 3483 585 3536 cetera
607 3475 684 3537 lacta
698 3474 832 3554 dictaque
849 3474 927 3554 eius,
948 3482 980 3535 ut
996 3480 1028 3537 et
1041 3471 1092 3536 ab·
