2286 3862
505 194 609 242 nnnc.
999 183 1057 248 187

62 360 93 410 ut
107 349 225 427 assolet,
241 351 296 410 iarn
314 346 433 425 grandis
450 357 516 408 natu
532 367 585 428 per
600 348 753 409 blanditias
767 349 843 410 forte
860 351 994 411 dixisset:
1009 347 1057 411 Si·

62 433 126 494 mal
144 434 224 494 borae
250 449 419 509 excepero,
444 432 630 494 moricolo:
659 451 820 494 conversus
848 433 1058 512 adproximet

63 517 222 595 confestim
237 536 271 578 se
282 515 456 594 positurum
472 515 552 576 velut
567 516 688 577 irridens
706 518 758 595 ait,
774 519 983 596 praecepitque
998 536 1056 579 me-

62 601 133 662 dicis
154 611 184 661 ut
208 602 319 678 largius
341 610 499 677 purgarent
518 618 650 678 aegram,
672 600 793 662 necdum
810 601 963 661 defunctae
981 601 1058 661 bona

38 686 179 761 tinvasit,
196 701 357 764 suppresso
372 692 559 761 testamento,
577 703 613 742 ne
629 685 696 763 quid
710 683 895 745 abscederet.

122 771 242 830 Uxores
257 776 375 847 praeter
392 766 539 827 Octaviam
556 768 625 827 duas
641 778 744 847 postea
768 770 864 830 duxit:
889 769 1100 849 Poppaeamsa

61 853 211 929 Sabinam,
239 852 404 932 quaestorio
421 861 505 931 patre
519 860 613 912 natam
629 860 657 912 et
675 854 765 931 equiti
775 855 812 914 R.
826 862 911 915 antea
927 862 1056 932 nuptam,

60 936 165 997 deinde
181 936 319 997 Statiliam
332 935 532 1013 Messalinam,
548 935 634 996 Tauri
649 934 694 995 bis
711 937 839 997 consulis
852 954 889 996 ac
901 936 1057 1016 triumpha·

59 1020 95 1079 lis
111 1019 274 1099 abneptem.
306 1019 369 1094 Qua
393 1028 422 1078 ut
440 1029 610 1099 poteretur,
634 1021 726 1080 virum
743 1023 805 1080 eius
820 1021 946 1081 Atticum
962 1020 1057 1081 Vesti-

23 1114 123 1163 tonum
147 1103 326 1164 consulem
317 1121 346 1161 nn
367 1102 508 1164 honore
499 1121 564 1182 ipso
581 1103 745 1164 trucidavit.
779 1103 918 1165 Octaviae
936 1119 1058 1164 consue·

10 1218 12 1225 v
57 1187 183 1248 tudinem
200 1189 257 1249 cito
274 1197 464 1267 aspernatus,
490 1186 713 1267 corripientibus
735 1190 835 1249 amicis
852 1187 998 1266 sufficere
1012 1185 1061 1247 illi

58 1270 169 1332 debere
188 1271 340 1350 respondit
360 1272 477 1333 omorio
498 1279 689 1333 ornamento.
723 1271 852 1333 Eandem
874 1291 942 1334 mox
966 1288 1058 1350 saepe

57 1356 164 1415 trustra
182 1354 364 1431 strangulare
380 1355 544 1433 meditatus,
561 1357 667 1416 dimisit
681 1365 711 1415 ut
729 1358 867 1434 sterilem,
884 1356 959 1416 sed'
951 1373 1057 1434 impro-

57 1439 143 1500 bante
163 1439 316 1498 divortium
341 1439 452 1516 populo
472 1457 527 1498 nec
548 1449 688 1536 parcente
712 1441 858 1515 convitiis,
882 1440 967 1499 etiam
982 1438 1058 1496 rele-

20 1525 156 1602 legavit,
179 1522 304 1601 deniqne
327 1521 434 1581 occidit
455 1521 507 1580 sub
525 1522 645 1581 crimine
661 1520 867 1582 adulteriorum
883 1521 986 1581 adeo
978 1536 1058 1597 nnpn·

57 1607 134 1668 denti
151 1606 303 1685 falsoque,
325 1615 355 1665 ut
378 1606 406 1664 in
429 1607 600 1685 quaestione
616 1605 844 1684 pernegantibus
864 1605 976 1664 cunctis
990 1601 1059 1662 Ani·

57 1700 152 1751 cetum
169 1691 374 1770 paedagogum
394 1709 474 1750 sunm
497 1689 620 1749 indicem
639 1689 813 1767 subiecerit,
841 1691 888 1767 qui
905 1686 1059 1765 lingeret*

56 1775 124 1836 dolo
149 1783 306 1854 stupratam
331 1793 347 1834 a
373 1793 405 1834 se
426 1774 575 1835 fateretur.
608 1774 791 1854 Poppaeam,
819 1772 991 1833 duodecimo
1013 1770 1059 1829 die

57 1868 125 1938 post
149 1859 301 1919 diuortium
327 1858 467 1919 Octaviae
491 1860 519 1917 in
541 1859 748 1919 matrimonium
771 1867 937 1936 acceptam,
960 1855 1060 1914 dilexit

18 1943 160 2010 counice;
178 1951 316 2001 ettamen
332 1944 425 2020 ipsam
451 1961 569 2022 quoque
589 1944 649 2003 ictu
673 1942 763 2002 calcis
780 1941 903 2019 occidit,
929 1939 1007 2019 quod
1025 1956 1058 1998 se

58 2043 96 2084 ex
113 2024 292 2100 aurigatione
312 2043 379 2084 sero
396 2043 546 2085 reversum
562 2026 682 2104 gravida
702 2035 732 2085 et
754 2044 845 2102 aegra
861 2025 1001 2086 conviciis
1017 2024 1058 2082 in·

59 2116 199 2167 cesserat.
231 2106 276 2167 Ex
292 2107 346 2167 hac
363 2107 449 2167 liliam
470 2108 533 2169 tulit
548 2108 695 2170 Claudiam
709 2110 886 2186 Augustam,
907 2108 1057 2186 amisitque

56 2191 207 2252 admodum
223 2191 371 2251 infantem.

118 2274 234 2335 Nullum
250 2276 325 2336 adeo
342 2276 564 2336 necessitudinis
579 2296 673 2354 genus
692 2285 753 2353 est,
776 2277 855 2355 quod
869 2294 927 2337 non
943 2273 1058 2334 scelere

14 2378 44 2420 aa
56 2359 225 2439 perculerit.
258 2360 413 2420 Antoniam
440 2359 542 2420 Claudi
564 2360 670 2438 liliam,
692 2370 876 2421 recusantem
895 2368 963 2439 post
982 2357 1058 2435 Pop·

56 2462 149 2523 paeae
163 2452 284 2503 mortem
306 2444 421 2522 nuptias
445 2462 528 2521 suas,
552 2445 633 2523 quasi
656 2444 828 2506 molitricem
851 2460 991 2505 novarum
1012 2457 1058 2499 re·

54 2546 116 2586 rum
133 2528 285 2587 interemit.
327 2527 496 2588 Similiter*
513 2529 589 2588 inter
610 2538 727 2589 ceteros
744 2538 792 2589 aut
806 2528 944 2589 affinitate
962 2525 1058 2603 aliqua

55 2611 112 2671 sibi
131 2620 179 2670 aut
197 2613 413 2690 propinquitate
430 2612 618 2682 coniunctam
635 2613 663 2673 in
680 2612 782 2691 quibus
795 2612 901 2672 Aulum
916 2609 1057 2672 Plautium

54 2698 204 2771 iuvenem,
233 2714 317 2773 quem
345 2713 408 2756 curn
435 2705 500 2756 ante
520 2705 643 2757 mortem
664 2716 719 2776 per
742 2699 798 2756 vim
822 2699 1057 2775 conspurcasset,

10 2777 120 2846 collat
139 2798 221 2839 nunc
239 2779 330 2857 inquit
352 2787 452 2841 meter
471 2799 541 2842 meo
562 2788 592 2841 et
605 2798 816 2843 successorem
829 2797 927 2840 meum
941 2776 1057 2839 oscule-

54 2864 121 2923 tur!
137 2863 247 2922 iactans
262 2862 397 2924 dilectum
407 2864 443 2924 ab
457 2882 490 2924 ea
504 2874 533 2924 et
545 2864 606 2926 ads
629 2884 674 2925 ern
685 2865 798 2943 imperii
809 2863 971 2942 impulsum.
999 2860 1058 2921 Pri·

54 2946 172 3022 vignum
182 2947 294 3006 liulium
308 2944 471 3026 Crispinum
484 2885 626 3027 Poppaeb
638 2957 743 3025 natum,
759 2946 939 3026 impuberem
953 2943 1058 3020 adhuc,

55 3030 121 3107 quia
140 3028 290 3089 ferebatur
306 3029 427 3091 ducatus
444 3040 473 3090 et
487 3033 608 3111 imperia
630 3032 750 3109 ludere,
773 3030 961 3109 mergendum
976 3027 1058 3104 mari,

54 3114 120 3172 dum
138 3115 317 3192 piscaretur,
344 3117 438 3174 servis
459 3116 551 3214 ¹ipsius
574 3116 764 3177 demandavit.
795 3115 920 3176 'luscum
938 3112 1058 3173 nutricis

15 3198 143 3257 asdliam
164 3198 323 3275 relegavit,
355 3199 465 3278 quod'
457 3218 485 3258 1n
506 3201 711 3279 procuratione
735 3200 867 3278 Aegypti
887 3195 1038 3258 balineis'
1030 3212 1057 3253 nn

54 3280 208 3342 adventurn
228 3299 308 3342 suum
333 3284 473 3344 extructis
499 3284 629 3344 lavisset.
666 3286 809 3344 Senecam
834 3289 1057 3363 praeceptorem

55 3364 91 3424 ad
106 3384 209 3425 necem
225 3367 380 3445 compulit,
405 3369 535 3450 quamvis
559 3386 651 3447 saepe
673 3376 862 3430 commeatum
881 3364 992 3445 petenti
1005 3361 1057 3423 bo·

54 3450 157 3528 nisque
175 3449 288 3510 cedenti
305 3461 459 3530 persancte
475 3453 615 3532 iurasset,
641 3462 806 3533 suspectum
823 3470 855 3511 se
871 3451 976 3510 frustra
991 3464 1058 3528 per·
