2334 3870
446 209 477 256 c.
499 207 684 256 camenus.
872 214 875 218 ·
1000 197 1059 258 127

66 368 178 446 Sparsit
198 374 227 426 et
247 363 366 424 missilia
381 362 522 421 variarum
536 381 646 439 rerum,
675 370 704 421 et
720 361 836 439 panaria
855 379 917 422 cum
935 362 1058 423 obsonio

66 452 169 510 uiritim
189 450 296 515 divisit;
321 464 375 524 qua
402 445 565 523 epulatione
592 447 681 524 equiti
706 446 742 505 li.
765 454 865 505 contra
886 464 919 504 sc
943 446 1060 507 hilarius

65 535 231 610 avidiusque
258 529 389 589 vescenti
416 538 513 605 partes
543 548 608 589 suas
628 531 718 605 misit,
745 529 798 588 sed
818 536 848 588 et
874 531 1001 588 senatori
1021 528 1059 589 ob

64 617 183 677 eandem
199 632 314 674 causam
336 611 504 690 codicillos,
524 612 625 691 quibus
646 622 809 692 praetorem
827 630 891 671 eum
914 621 995 672 extra
1015 630 1059 672 or-

39 701 157 768 rdinem
174 696 352 774 designabat.
388 695 485 754 Edidit
507 704 536 754 et
559 698 705 755 circenses
728 697 867 775 plurimos
890 713 1006 757 amane
1025 694 1062 754 ad

62 799 232 862 vesperam,
264 781 415 839 interiecta
442 778 528 837 modo
558 778 759 838 Africanarum
786 782 941 840 venatione
974 778 1061 838 modo

63 868 169 927 Troiae
185 864 366 939 decursione,
391 872 419 922 et
436 862 576 942 quosdam
591 863 775 941 praecipuos,
795 863 879 923 minio
897 874 926 923 et
942 863 1060 938 chryso·

64 950 141 1010 colla
157 956 302 1008 constrato
321 949 410 1024 circo,
434 964 490 1006 nec
506 947 572 1006 ullis
587 947 642 1005 nisi
657 964 695 1005 ex
711 947 858 1005 senatorio
873 948 971 1006 ordine
986 946 1059 1007 auri-

60 1033 204 1111 gantibus.
242 1029 389 1090 Commisit
410 1039 440 1090 et
461 1029 589 1106 subitos,
611 1048 674 1088 cum
692 1048 709 1088 e
724 1029 874 1091 Gelotiana
896 1032 1062 1108 apparatum

24 1137 50 1178 ro
61 1117 132 1177 circi
146 1115 372 1193 prospicientem
384 1115 470 1193 pauci
483 1133 520 1173 ex
532 1115 672 1193 proximis
684 1114 843 1174 Maenianis
855 1114 1061 1191 postulassent.

122 1199 235 1258 Novum
255 1207 405 1276 praeterea
428 1206 512 1276 atque
539 1198 692 1258 inauditum
713 1216 806 1276 genus
827 1197 991 1276 spectaculi
1010 1212 1101 1266 erc-19

60 1283 209 1360 cogitavit.
252 1280 324 1339 Nam
340 1280 471 1339 Baiarum
487 1283 610 1340 medium
633 1283 814 1342 intervallum
832 1281 868 1342 ad
887 1282 1060 1343 Puteolanas

59 1367 168 1439 moles,
188 1364 272 1420 trium
292 1360 398 1418 milium
419 1370 448 1418 et
469 1372 667 1421 sescentorum
689 1365 752 1422 lere
771 1384 903 1442 passuum
928 1369 1060 1443 spatium,

61 1457 152 1527 ponte
182 1444 345 1517 coniunxit,
382 1444 539 1501 contractis
563 1445 687 1520 undique
714 1449 854 1504 onerariis
886 1449 1005 1506 navibus
1033 1456 1063 1504 et

27 1558 52 1597 15
63 1530 164 1591 ordine
182 1525 288 1604 duplici
304 1525 338 1584 ad
354 1524 496 1585 anchoras
514 1526 688 1600 conlocatis,
711 1530 934 1605 superiectoque
951 1546 1062 1604 aggere

62 1625 180 1673 terreno
201 1629 236 1670 ac
252 1608 363 1669 directo
384 1610 412 1667 in
430 1608 544 1687 Appiae
567 1611 630 1667 viae
650 1608 780 1667 formam.
820 1609 876 1669 Per
896 1610 972 1669 hunc
992 1629 1061 1689 pon-

61 1708 119 1757 tem
133 1695 209 1755 ultro
232 1695 304 1753 citro
327 1695 497 1753 commeavit
511 1692 598 1752 biduo
618 1693 788 1770 continenti,
809 1694 901 1772 primo
923 1694 968 1753 die
992 1693 1062 1752 fale-

61 1790 124 1841 rato
156 1796 231 1856 equo
254 1778 433 1855 insignisque
459 1794 586 1855 quercea
607 1794 715 1837 corona
737 1786 766 1836 et
794 1786 891 1836 caetra
913 1787 942 1836 et
964 1776 1062 1855 gladio

61 1880 206 1940 aureaque
222 1860 360 1937 clamide,
385 1861 526 1939 postridie
542 1861 724 1940 quadrigario
747 1861 844 1921 habitu
861 1861 1063 1940 curriculoque

25 1961 51 2002 ao
60 1947 151 2023 biiugi
176 1945 353 2003 famosorum
369 1962 521 2022 equorum,
544 1964 614 2024 prae
638 1964 669 2004 se
691 1946 789 2004 ferens
805 1944 928 2004 Dareum
943 1963 1062 2025 puerum

61 2051 99 2091 ex
119 2028 289 2089 Parthorum
307 2024 472 2104 obsidibus,
501 2031 653 2088 comitante
682 2031 927 2105 praetorianorum
948 2033 1061 2107 agmine

61 2115 129 2175 etin
148 2110 260 2170 essedis
273 2110 394 2169 cohorte
410 2112 573 2170 amicorum.
612 2113 678 2171 Scio
695 2112 853 2190 plerosque
870 2115 1061 2191 existimasse,

60 2197 181 2258 talenta
201 2192 271 2255 Gaio
294 2202 411 2271 pontem
433 2197 629 2271 excogitatum
651 2195 841 2256 aemulatione
859 2195 983 2272 Xerxis,
1015 2199 1063 2274 qui

61 2298 119 2341 non
144 2282 206 2339 sine
234 2277 423 2337 admiratione
451 2278 595 2355 aliquanto
623 2280 818 2355 angustiorem
843 2280 1062 2359 Hellespontum

25 2362 307 2431 accontabulaverit3
336 2361 425 2437 alios,
445 2370 475 2420 ut
497 2360 674 2422 Germaniam
698 2370 727 2421 et
750 2362 936 2439 Britanniam,
960 2362 1062 2442 quibus

60 2446 240 2521 imminebat,
275 2445 395 2505 alicuius
423 2446 543 2505 inmensi
570 2448 669 2526 operis
697 2447 772 2508 lama
799 2449 952 2507 territaret.
1004 2446 1063 2508 Sed

61 2550 145 2593 avum
164 2547 256 2589 meum
281 2537 443 2588 narrantem
464 2548 537 2607 puer
560 2531 724 2606 audiebam,
760 2549 873 2590 causam
903 2533 1001 2610 operis
1025 2531 1061 2591 ab

60 2612 246 2676 interioribus
274 2613 375 2674 aulicis
397 2613 538 2693 proditam
555 2615 631 2692 quod
658 2615 817 2689 Thrasylus
847 2616 1062 2676 mathematicus

62 2701 147 2761 anxio
165 2698 200 2757 de
223 2714 396 2758 successore
419 2698 536 2759 'liberio
555 2707 584 2758 et
607 2700 635 2758 in
654 2717 754 2758 verum
776 2708 912 2776 nepotem
933 2702 1061 2777 proniori

25 2785 249 2857 toaiiirmasset,
287 2800 350 2841 oon
375 2783 474 2860 mopic
504 2781 614 2843 Gaium
645 2782 867 2860 imperaturum
892 2800 983 2862 quom
1003 2801 1062 2862 por

61 2866 216 2928 Baianum
228 2864 327 2925 einum
341 2865 426 2943 cquis
439 2865 660 2926 discoctorum.

124 2949 222 3010 Edidit
237 2958 265 3007 et
278 2966 404 3026 peregre
421 2950 603 3028 spectacula,
625 2951 653 3009 in
670 2950 768 3009 Sicilia
784 2950 936 3023 Syracusis
953 2949 1061 3008 asticos
1070 2961 1105 3015 20

61 3034 160 3109 ludos,
191 3040 219 3091 et
241 3033 269 3090 in
296 3030 388 3092 Gallia
413 3032 561 3110 Luguduni
581 3033 744 3102 miscellos;
773 3033 893 3093 sedhic
916 3042 1062 3093 certamen

61 3134 177 3198 quoque
193 3114 323 3176 Graecae
337 3113 513 3195 Latinaeque
527 3117 695 3194 facundiae,
719 3135 776 3195 quo
798 3121 952 3178 certamine
967 3117 1063 3177 ferunt

26 3200 222 3263 ttrictoribus
253 3200 379 3278 praemia
402 3201 495 3260 victos
524 3202 695 3277 contulisse,
724 3202 880 3260 eorundem
904 3211 933 3260 et
961 3200 1061 3261 laudes

63 3301 241 3363 componere
258 3291 395 3354 coactos;
420 3301 473 3343 eos
497 3293 606 3361 autem,
632 3286 680 3364 qui
691 3287 812 3344 maxime
836 3285 1061 3363 displicuissent,

62 3370 172 3448 scripta
202 3384 253 3426 sua
285 3384 418 3446 spongea
446 3368 581 3445 linguave
605 3368 705 3429 dele're
732 3371 843 3445 iussos,
878 3370 932 3427 nisi
961 3369 1061 3430 ferulis

62 3452 210 3530 obiurgari
225 3459 273 3511 aut
287 3451 400 3511 flumine
417 3454 549 3516 proxW
563 3455 655 3524 mer-pi
671 3453 837 3511 mat-utamur
970 3464 983 3488 ·
