2334 3870
547 178 715 227 urnnnrus.
1055 168 1093 230 or

96 336 215 413 Quidam
234 337 414 413 existimant,
432 333 536 396 adultis
550 336 606 396 iam
619 334 744 413 Augusti
760 334 871 414 liberis,
887 335 956 397 loco
970 344 1001 395 et
1015 335 1096 416 quasi

96 423 284 501 possessione
298 420 429 499 usurpati
443 437 458 479 a
475 437 507 478 se
522 418 569 482 diu
583 419 703 481 secundi
716 419 827 497 gradm
838 418 1051 501 sponta'tces'sis
1067 437 1096 497 e,

96 505 229 586 exemplo
249 505 288 567 ti.
311 504 463 582 Agrippae
484 505 544 582 qui,
565 504 602 565 bl.
618 503 760 566 blarcello
783 503 820 565 ad
838 482 1038 584 munerdidiib
1051 521 1096 564 roa

94 590 226 666 admoto,
242 589 397 665 Mytilenas
411 587 523 665 abierit,
539 607 576 647 ne
589 598 635 649 aut
647 588 765 650 obstare
778 597 825 648 aut
835 587 1002 649 obtrectare
1011 604 1095 667 prae·

71 691 163 735 csens
179 672 337 733 videretur.
381 671 472 746 Quam
488 689 602 731 causam
616 681 645 732 et
659 674 738 752 ipse,
762 671 814 734 sed
828 681 946 753 postea,
956 669 1116 815 Q

93 759 174 818 Tunc
190 765 285 817 autem
299 755 439 816 honorum
453 756 614 816 satietatem
631 774 665 814 ac
677 758 804 835 requiem
817 757 949 818 laborum
962 773 1035 836 prae

94 841 177 918 dens,
193 849 380 900 commeatum
395 841 483 920 petit;
501 857 595 918 neque
611 848 658 900 aut
671 841 753 898 matri
768 843 937 920 suppliciter
952 840 1096 922 precepti,

95 932 142 984 aut
159 923 265 985 vitrico
280 922 376 984 deseri
390 942 423 984 se
439 925 526 983 etiam
542 925 570 983 in
593 931 694 984 senatu
714 927 901 1003 conquerenti
916 926 1031 987 veniam
1046 922 1096 983 de·

93 1008 141 1067 dit.
178 1008 253 1082 Quin
273 1016 302 1067 et
325 1009 502 1086 pertinacius
523 1006 728 1085 retinentibus,
755 1008 821 1068 cibo
846 1026 900 1087 per
921 1007 1097 1087 quatriduum

57 1108 83 1150 ro
94 1090 238 1152 abstinuit.
279 1090 367 1153 Facta
391 1091 507 1152 tandem
529 1090 652 1153 abeundi
673 1101 835 1170 potestate,
856 1092 969 1153 relictis
987 1091 1097 1152 Romae

91 1193 182 1237 uxore
206 1184 237 1235 et
254 1175 313 1236 lilio
330 1177 482 1238 confestim
498 1175 605 1237 Ostiam
621 1175 787 1255 descendit,
811 1194 848 1238 ne
868 1175 961 1238 verbo
983 1173 1098 1255 quidem

92 1263 224 1339 cuiquam
247 1263 484 1339 prosequentium
507 1261 619 1322 reddito
644 1279 812 1342 paucosque
837 1261 987 1324 admodum
1008 1261 1038 1320 in
1055 1257 1096 1319 di·

92 1362 198 1420 gressu
219 1343 413 1401 exosculatus.
441 1343 487 1401 Ab
504 1343 584 1404 Ostia
599 1362 678 1402 oranr
696 1345 869 1424 Campaniae
884 1347 1000 1425 legens,
1015 1342 1133 1404 inbe-ll

94 1426 216 1485 cillitate
239 1425 363 1499 Augusti
385 1426 526 1502 nuntiata,
551 1425 667 1502 paulurn
691 1427 825 1486 substitit.
869 1430 928 1487 Sed
947 1427 1096 1487 increbre-

60 1530 86 1570 rc
96 1516 198 1568 scente
213 1510 327 1565 rurdore
343 1505 424 1585 quasi
437 1505 473 1564 ad
484 1507 668 1565 occasionem
686 1509 801 1567 maioris
820 1511 886 1585 spei
904 1524 1096 1567 commorare·
1109 1568 1118 1587 Ι,

95 1603 157 1668 tur,
179 1599 286 1651 tantum
308 1607 365 1650 uon
385 1588 515 1650 adversis
538 1588 756 1668 tempestatibus
769 1588 901 1650 Rhodum
925 1590 1096 1667 enavigavit,

94 1676 269 1736 amoenitate
285 1683 315 1734 et
330 1672 500 1735 salubritate
515 1673 624 1734 insulae
639 1675 694 1734 ianr
709 1673 775 1734 iude
787 1681 889 1752 captus
904 1691 967 1733 cum
977 1673 1020 1734 ad
1035 1691 1097 1733 earn

95 1758 130 1820 ab
142 1757 279 1819 Armenia
293 1758 409 1820 rediens
422 1758 592 1838 appulisset.
610 1757 664 1818 Hic
675 1759 796 1820 modicis
812 1765 963 1818 contentus
978 1755 1097 1818 aedibus

93 1863 150 1904 nec
165 1843 254 1905 multo
269 1843 380 1904 laxiore
397 1842 571 1922 suburbano,
588 1862 681 1922 genus
696 1846 773 1904 vitae
792 1841 878 1902 civile
892 1840 1041 1904 admodum
1056 1842 1096 1901 iu-

57 1948 85 1990 ro
94 1929 194 2005 stituit,
209 1928 271 1988 sine
285 1928 391 1988 lictore
408 1936 455 1988 aut
465 1930 576 1989 viatore
587 1929 735 2007 gymnasio
747 1926 887 1988 interdum
898 1925 1096 2003 obambulans,

93 2021 248 2090 mutuaque
264 2030 327 2071 cum
343 2012 495 2072 Graeculis
510 2012 608 2073 officia
622 2030 764 2091 usurpans
780 2030 874 2092 prope
890 2031 928 2073 ex
944 2029 1048 2094 aequo.

156 2094 246 2157 Forte
260 2094 400 2174 quondam
416 2097 444 2154 in
459 2095 637 2174 disponendo
653 2096 698 2156 die
709 2113 792 2156 mane
808 2097 1003 2176 praedixerat,
1016 2095 1095 2177 quid-

95 2180 162 2263 quid
178 2197 332 2257 aegrorum
348 2181 377 2238 iu
393 2180 508 2239 civitate
524 2189 604 2240 esset
618 2181 735 2240 visitare
755 2199 787 2239 se
804 2179 896 2249 velle;
918 2182 947 2241 id
963 2201 979 2242 a
994 2181 1092 2259 proxi·

93 2267 147 2326 mis
170 2264 253 2325 aliter
268 2272 430 2342 exceptum,
445 2264 572 2342 iussique
590 2273 654 2323 sunt
675 2282 774 2325 omnes
795 2266 878 2342 aegri
901 2266 928 2324 in
951 2263 1094 2343 publicam

59 2369 85 2410 aa
95 2352 238 2430 porticum
253 2348 361 2409 deferri
379 2367 413 2408 uc
428 2366 483 2427 per
498 2347 681 2408 valitudinum
696 2366 804 2426 genera
819 2349 941 2427 disponi.
978 2346 1094 2409 Percul-

94 2454 143 2495 sus
163 2451 236 2511 ergo
259 2434 406 2512 inopinata
428 2451 461 2492 re
481 2431 585 2512 diuque
604 2432 671 2513 quid
689 2441 792 2510 ageret
812 2435 956 2510 incertus,
981 2429 1095 2492 taudem

94 2517 226 2595 singulos
243 2518 523 2599 circuit„excusaus
538 2517 644 2577 lactum
660 2519 746 2578 etiam
764 2518 930 2578 tenuissimo
947 2518 1050 2596 cuique
1067 2523 1096 2576 et

94 2606 205 2681 ignoto.
249 2600 413 2663 Unum'boc
428 2598 513 2662 modo
529 2620 623 2681 neque
638 2611 791 2682 praeterea
808 2601 956 2681 quicquam
971 2609 1096 2662 notatum

97 2696 152 2765 est,
169 2688 197 2746 in
214 2704 270 2766 quo
287 2688 453 2747 exseruisse
469 2687 514 2747 ius
527 2687 698 2747 tribuniciae
709 2687 862 2766 potestatis
874 2687 952 2748 visus
964 2687 1016 2748 sit:
1033 2703 1096 2747 cum

60 2790 87 2832 ro
98 2773 176 2832 circa
198 2770 315 2832 scholas
330 2779 360 2831 et
376 2770 515 2833 auditoria
538 2770 736 2850 professorum
756 2770 887 2831 assiduus
903 2779 995 2848 esset,
1017 2778 1131 2839 moto

95 2859 171 2916 inter
187 2855 392 2936 antisophistas
408 2855 544 2933 graviore
558 2857 667 2934 iurgio,
685 2873 743 2915 nou
759 2855 848 2915 deluit
865 2856 912 2934 qui
930 2871 994 2914 euur
1008 2857 1096 2914 inter·

95 2941 259 2999 venientem
275 2949 304 2999 et
316 2940 397 3019 quasi
412 2938 614 3000 studiosiorem
625 2941 715 3020 partis
730 2938 847 3000 alterius
861 2939 988 2998 convitio
1002 2939 1096 2998 inces-

96 3033 186 3084 seret.
221 3023 334 3084 Sensim
354 3025 449 3102 itaquc
464 3042 618 3101 regressus
639 3023 767 3101 domum,
790 3032 911 3103 repente
928 3040 992 3083 cum
1008 3039 1096 3103 appa·

97 3106 235 3169 nitoribus
250 3105 356 3187 prodiit
371 3108 543 3186 citatumque
554 3127 608 3187 pro
620 3106 753 3169 tribunali
767 3126 842 3169 voce
857 3107 1013 3188 praeconis
1029 3123 1096 3166 con·

60 3208 87 3250 oc
98 3193 261 3253 vitiatorem
275 3193 338 3272 rapi
353 3191 434 3253 iussit
448 3192 476 3252 in
492 3210 650 3252 carcerem.

160 3274 309 3356 Comperit
328 3275 432 3337 deinde
446 3275 546 3338 Iuliam
566 3294 687 3338 uxorem
707 3276 745 3337 ob
763 3276 896 3338 libidines
912 3284 997 3355 atque
1018 3274 1093 3337 adul·

96 3361 170 3421 teria
194 3360 367 3438 damnatam,
389 3358 595 3441 repudiumque
616 3362 643 3421 ei
663 3380 715 3423 suo
737 3362 850 3422 nomine
873 3379 911 3421 ex
926 3361 1095 3421 auctoritate

96 3442 220 3522 Augusti
237 3445 401 3516 remissum;
424 3452 453 3504 et
469 3462 635 3524 quamquam
650 3445 743 3507 laetus
758 3446 871 3523 nuntio,
892 3453 985 3509 tamen
1005 3442 1096 3505 oidoii
