2334 3870
113 193 154 255 94
186 204 215 252 c.
232 201 380 251 suarem
395 200 521 260 ranno.
538 200 586 247 nn
600 199 683 247 urna
700 198 885 249 cassanum
899 201 971 252 nnn.
986 204 1038 253 111.

114 359 231 441 peculio
242 357 367 418 referret
381 364 513 435 accepta.
533 353 610 414 Nihil
626 372 714 416 exeo
730 363 863 434 tempore
878 361 1116 435 praetermissum

116 452 160 503 est
176 443 211 503 ad
223 443 400 501 maiestatem
417 441 479 498 eius
495 437 665 516 augendam,
678 457 713 499 ac
728 438 817 499 multo
833 441 929 516 magis
935 451 1006 521 post
1017 460 1113 522 quam,

114 528 248 606 Agrippa
264 523 396 586 abdicato
412 533 498 602 atque
513 525 657 603 seposito,
675 533 784 584 certum
799 531 871 600 crat,
887 523 933 583 uni
947 540 1031 604 spem
1043 545 1112 586 suc-

71 620 105 674 16
115 611 257 673 cessionis
277 607 457 676 incumbere;
482 607 546 667 data
561 626 660 668 rursus
675 616 805 687 potestas
820 605 1009 669 tribuniciam
1026 612 1108 688 quin-

113 695 282 776 quennium,
301 691 452 770 delegatus
469 690 618 770 pacandae
635 692 804 753 Germaniae
821 699 925 769 status,
940 691 1129 758 Parthorum

112 780 216 857 legati,
231 775 370 836 mandatis
387 776 520 852 Augusto
534 777 646 836 Romae
660 776 794 853 redditis,
818 793 883 835 eum
899 793 1013 856 quoque
1030 776 1109 836 adire

111 865 140 923 in
164 862 313 941 provincia
334 862 413 920 iussi.
445 859 503 919 Sed
526 863 650 921 nuntiata
669 859 779 935 lllyrici
800 859 981 938 delectione,
1002 861 1114 920 transiit

113 945 149 1006 ad
166 963 262 1008 curam
276 945 346 1003 novi
360 944 446 1022 belli,
462 943 554 1023 quod,
569 946 769 1022 gravissimum
785 944 909 1004 omnium
928 952 1115 1004 externorum

112 1029 256 1090 bellorum
273 1037 341 1107 post
354 1028 475 1104 Punica,
493 1047 545 1107 per
562 1029 723 1106 quindecim
738 1029 873 1106 legiones
889 1046 1049 1108 paremque
1066 1045 1114 1088 au·

112 1113 246 1174 xiliorum
262 1114 375 1192 copiam
390 1113 512 1171 triennio
528 1113 631 1190 gessit,
645 1114 673 1172 in
684 1114 795 1190 magnis
812 1113 936 1174 omnium
949 1130 1046 1172 rerum
1061 1111 1113 1171 dif·
1124 1125 1146 1167 lt

113 1196 286 1258 licultatibus
309 1213 475 1275 summaque
497 1195 611 1273 lrugum
630 1198 738 1276 inopia.
764 1196 803 1256 ldt
820 1214 981 1275 quanquam
995 1197 1114 1276 saepius

113 1289 311 1357 revocaretur,
327 1289 421 1340 tamen
438 1282 648 1359 perseveravit,
663 1290 794 1341 metuens
805 1299 843 1340 ne
858 1283 968 1341 vicinus
984 1289 1013 1340 et
1027 1298 1113 1360 prac-

113 1366 214 1425 ralens
239 1363 331 1424 hostis
357 1363 477 1424 instaret
495 1364 570 1424 ultro
594 1364 772 1425 cedentibus.
804 1363 851 1424 dc
875 1365 1114 1444 perseverantiae

113 1450 223 1526 grande
237 1450 358 1528 pretium
372 1449 445 1526 tulit,
457 1457 518 1509 toto
530 1449 657 1528 Illyrico,
674 1449 751 1528 quod
766 1451 841 1510 inter
851 1447 963 1509 ltaliam
977 1466 1113 1526 regnum·

114 1550 170 1612 quc
184 1533 322 1594 Noricum
337 1541 366 1592 et
383 1532 533 1593 Thraciam
550 1541 579 1593 et
592 1533 789 1595 llacedoniam
803 1533 935 1612 interque
950 1530 1114 1593 Danubium
1125 1550 1149 1592 ιε

113 1617 218 1677 llumen
234 1627 263 1678 et
278 1619 368 1676 sinum
383 1619 468 1677 maris
479 1617 636 1678 Hadriatici
648 1626 736 1696 patet,
753 1617 913 1696 perdomito
929 1625 958 1677 et
975 1617 1003 1676 in
1019 1616 1113 1676 dicio·

72 1703 103 1760 17
113 1720 178 1762 nem
199 1701 329 1761 redacto.
373 1699 425 1761 Cui
446 1699 558 1777 gloriae
580 1701 703 1779 amplior
724 1699 816 1762 adhuc
836 1720 874 1760 ex
895 1701 1114 1780 opportunitate

113 1785 241 1845 cumulus
261 1786 395 1844 accessit.
426 1783 498 1843 Nam
521 1782 573 1842 sub
595 1784 623 1843 id
637 1786 700 1844 lere
714 1797 827 1864 tempus
844 1785 997 1860 Quintilius
1014 1785 1113 1845 Varus

114 1887 177 1929 cum
196 1867 286 1928 tribus
304 1866 469 1943 legionibus
493 1869 522 1926 in
540 1867 690 1930 Germania
713 1871 814 1948 periit,
836 1871 949 1930 nemine
963 1868 1113 1928 dubitante

113 1955 180 2031 quin
200 1952 327 2011 victores
341 1950 474 2010 Germani
495 1951 617 2012 iuncturi
633 1972 665 2014 se
681 1952 836 2014 Pannoniis
851 1953 970 2031 fuerint,
989 1953 1045 2012 nisi
1060 1951 1111 2010 de·
1121 1967 1147 2009 ro

111 2034 248 2096 bellatum
274 2035 353 2115 prius
376 2034 522 2109 Illyricum
547 2045 636 2097 esset.
668 2037 746 2112 Quas
771 2037 809 2099 ob
833 2056 881 2097 res
903 2036 1062 2115 triumphus
1083 2037 1113 2095 ei

112 2119 245 2180 decretus
271 2128 332 2197 est,
354 2119 489 2199 multique
505 2130 534 2180 et
547 2123 643 2199 magni
658 2121 794 2182 honores.
825 2120 1006 2182 (leuauerunt
1024 2121 1113 2180 etiam

113 2203 226 2284 quidam
245 2213 275 2264 ut
289 2203 486 2283 Pannonicus,
508 2205 556 2265 alii
575 2214 605 2265 ut
619 2205 762 2283 Invictus,
784 2205 912 2267 nonnulli
928 2215 957 2264 ut
974 2204 1042 2265 Pius
1061 2221 1111 2264 co·

112 2290 334 2367 gnominaretur.
364 2289 422 2349 Sed
446 2289 482 2350 de
503 2292 675 2368 cognomine
696 2291 859 2350 intercessit
879 2290 1045 2369 Augustus,
1071 2305 1111 2347 eo

114 2382 278 2434 contentum
291 2376 510 2452 repromittens,
527 2375 602 2454 quod
617 2393 650 2434 se
664 2374 799 2434 defuncto
816 2382 1003 2453 suscepturus
1018 2379 1146 2433 essetne

112 2457 295 2536 Triumphum
316 2459 380 2536 ipse
398 2458 520 2535 distulit,
545 2466 654 2519 maesta
671 2459 787 2519 civitate
804 2458 886 2520 clade
900 2459 1042 2526 Variana;
1068 2457 1111 2516 ni·

111 2539 170 2600 hilo
197 2544 287 2600 minus
308 2540 408 2601 urbem
429 2550 625 2620 praetextatus
647 2549 677 2600 et
697 2542 795 2602 laurea
818 2551 973 2603 coronatus
994 2542 1113 2602 intravit

111 2624 295 2702 positumque
316 2625 345 2685 in
359 2626 474 2702 Saeptis
494 2624 630 2703 tribunal,
653 2635 753 2686 senatu
773 2635 903 2704 astante,
928 2624 1110 2703 conscendit,

111 2724 147 2767 ac
171 2706 282 2765 medius
306 2709 381 2767 inter
407 2707 479 2767 duos
507 2708 643 2768 consules
667 2728 730 2769 cum
754 2711 887 2788 Augusto
909 2709 992 2771 simul
1017 2707 1108 2779 sedit;

110 2790 199 2866 unde,
216 2790 326 2868 populo
344 2790 533 2869 consalutato,
551 2793 657 2853 circum
672 2795 778 2874 templa
795 2794 934 2855 deductus
951 2803 1005 2854 est.
1119 2801 1145 2844 ³⁰

71 2883 103 2938 18
176 2873 310 2934 Proximo
340 2893 413 2935 anno
434 2877 559 2953 repetita
580 2877 745 2956 Germania,
774 2898 837 2939 cnm
867 2878 1112 2939 animaduerteret

111 2958 264 3020 Varianam
286 2958 397 3019 cladem
420 2960 580 3021 temeritate
605 2971 633 3021 et
651 2963 840 3041 neglegentia
856 2962 937 3024 ducis
953 2962 1109 3038 accidisse,

111 3042 179 3102 nihil
202 3060 260 3102 non
281 3041 316 3102 de
338 3044 450 3104 consilii
468 3047 609 3106 sententia
625 3047 698 3124 egit;
722 3066 838 3128 semper
854 3048 925 3108 alias
940 3047 984 3108 sui
999 3045 1110 3106 arbitrii

112 3135 320 3206 contentusque
335 3145 367 3187 se
383 3147 457 3206 unc,
479 3138 546 3190 tunc
564 3139 681 3208 praeter
696 3131 931 3193 consuetudinem
948 3149 1011 3191 cum
1029 3149 1108 3191 com-

112 3210 240 3288 pluribus
256 3211 292 3272 de
307 3213 418 3272 ratione
430 3212 499 3274 belli
514 3217 740 3276 communicavit.
767 3216 870 3278 Curam
885 3233 1002 3296 quoque
1019 3215 1107 3276 solito
1119 3232 1143 3275 as

112 3295 289 3356 exactiorem
304 3297 454 3377 praestitit.
481 3298 664 3359 Treirnmrus
681 3299 827 3378 Rhenum,
845 3308 1033 3360 commeatum
1048 3317 1107 3360 om-

110 3395 175 3436 nem
200 3379 236 3438 ad
266 3391 373 3442 certam
398 3382 536 3443 formul-⁴
602 3386 738 3445 orricmm
763 3401 821 3444 non
846 3392 912 3445 ante
941 3385 1107 3462 transmisit,

113 3479 194 3523 uuam
216 3467 379 3528 consistens
394 3465 467 3527 arud
483 3487 562 3524 nnn·
602 3468 776 3516 ..nin-mar.
789 3467 892 3528 rabien
917 3487 988 3529 ‚xum
1005 3486 1107 3549 onera,
