2334 3870
205 593 250 679 o.
281 593 521 702 suaaour
549 597 888 686 calnomum

69 776 188 873 DE
242 775 472 875 VITA
530 776 1041 886 CAESARUM

462 950 601 1015 amne
619 953 647 1016 1.
750 1043 755 1048 ¹

355 1111 522 1184 mvus
558 1112 753 1193 IULIUS.

492 1268 625 1302 *¹*ss

127 1405 271 1454 Suetonius
286 1405 326 1452 ait
343 1405 371 1451 in
382 1403 442 1452 vita
455 1403 598 1465 Caesaris,
616 1421 747 1469 responsa
759 1423 817 1457 esse
834 1409 900 1456 deta
912 1425 960 1472 per
972 1413 1060 1459 totum

56 1489 164 1550 orbem,
179 1488 256 1536 nasci
270 1487 404 1537 invictum
418 1486 619 1550 imperatorem.

527 1587 641 1644 Seruius
656 1591 695 1644 od
718 1590 797 1661 Verq.
816 1587 886 1645 Aen.
903 1593 933 1653 6,
955 1590 1018 1647 799.

492 1781 627 1816 *δε*

122 1974 234 2032 Annum
258 1990 350 2048 agens
365 1982 476 2032 sextum
498 1974 562 2032 deci
592 1993 638 2033 um

60 2059 173 2135 busque
189 2055 355 2114 consulibus
367 2056 469 2115 flamen
484 1993 690 2117 Dialiffles'tllr'

675 1984 765 2116 ew
781 1974 887 2043 amisit;
914 1969 1085 2052 sequenti-l

714 2076 747 2116 us

685 2076 701 2116 a
757 2057 897 2133 ,dimissa
914 2052 1058 2136 eotsuua,

22 2163 50 2206 aa
61 2159 135 2220 quae
152 2138 257 2199 familia
270 2141 397 2217 equestri
413 2139 464 2198 sed
481 2140 631 2200 admodum
643 2141 724 2201 dives
737 2148 917 2219 praetextato
933 2140 1057 2220 despon-

60 2234 121 2285 sata
143 2225 252 2299 iuerat,
278 2221 442 2284 Corneliam
465 2223 573 2283 Cinnae
597 2233 697 2302 quater
719 2224 847 2284 consulis
872 2223 958 2282 liliam
980 2224 1060 2283 duxit

59 2327 197 2383 uxorem,
220 2325 257 2366 ex
272 2325 328 2386 qua
344 2308 384 2366 illi
404 2326 472 2367 mox
487 2307 558 2368 Iulia
573 2316 639 2367 nata
657 2317 715 2377 est;
740 2326 835 2387 neque
851 2316 880 2366 ut
895 2307 1060 2384 repudiaret

61 2392 197 2471 compelli
214 2410 230 2450 a
245 2392 386 2451 dictatore
401 2392 481 2452 Sulla
501 2391 661 2452 ullomodo
676 2393 776 2470 potuit.
807 2393 903 2466 Quare
919 2400 948 2449 et
962 2409 1058 2451 sacer·

60 2478 141 2537 dotio
153 2484 181 2534 et
194 2477 294 2535 uxoris
305 2475 372 2535 dote
385 2484 413 2535 et
424 2476 569 2553 gentilicis
582 2476 789 2537 hereditatibus
801 2475 949 2551 multatus,
963 2474 1059 2534 diver·

21 2586 49 2626 rs
60 2579 155 2622 sarum
167 2560 288 2638 partium
302 2559 471 2639 habebatur,
484 2569 513 2619 ut
527 2561 610 2620 etiam
623 2559 775 2620 discedere
785 2579 801 2620 e
813 2558 908 2619 medio
922 2568 950 2618 et
962 2577 1057 2638 quam·
1093 2617 1122 2651 a>
1138 2606 1142 2615 .

60 2664 144 2725 quam
159 2643 271 2707 morbo,
280 2654 435 2722 quartanae
451 2644 626 2722 adgravante
640 2662 736 2724 prope
749 2661 804 2723 per
816 2642 944 2720 singulas
956 2651 1058 2702 noctes
1113 2644 1165 2683 Ν

61 2738 236 2791 commutare
257 2728 384 2789 latebras
401 2736 573 2805 cogeretur,
597 2746 689 2807 seque
709 2727 745 2787 ab
769 2727 985 2807 inquisitoribus
1008 2744 1058 2805 pe·

62 2813 144 2872 cunia
166 2812 334 2882 redimeret;
353 2813 448 2872 donec
469 2830 523 2892 per
543 2814 671 2890 virgines
694 2811 847 2888 Vestales,
868 2829 979 2890 perque
999 2811 1058 2871 llla-

60 2913 189 2955 mercum
203 2895 354 2955 Aemilium
371 2905 400 2955 et
415 2895 561 2956 Aurelium
579 2895 692 2957 Cottam
708 2896 891 2975 propinquos
905 2904 934 2954 et
950 2894 1059 2955 adfines

17 3005 48 3048 ιο
60 2999 131 3041 suos
148 2982 259 3038 veniam
275 2980 446 3058 impetravit.
473 2980 548 3039 Satis
561 2988 673 3040 constat
689 2980 812 3056 Sullam,
826 2998 889 3039 cum
900 2978 1059 3057 deprecan-

60 3064 137 3126 tibus
161 3064 340 3123 amicissimis
366 3071 394 3123 et
413 3063 600 3123 ornatissimis
615 3064 685 3123 viris
704 3063 868 3142 aliquandiu
884 3064 1062 3140 denegasset

60 3159 148 3227 atquc
160 3147 203 3208 illi
218 3148 403 3228 pertinaciter
415 3146 641 3224 contenderent,
658 3157 852 3226 expugnatum
867 3146 981 3207 tandem
993 3164 1059 3225 pro·

60 3233 220 3309 clamasse,
245 3233 308 3292 sive
333 3231 466 3292 divinitus
488 3232 550 3291 sive
572 3232 667 3310 aliqua
695 3233 878 3309 coniectura,
904 3231 1060 3292 vincerent

59 3333 101 3377 ao
114 3315 174 3378 sibi
188 3315 352 3394 baberent,
368 3314 439 3376 dam
449 3314 539 3377 modo
552 3315 667 3377 scirent
680 3333 762 3392 mm,
779 3333 865 3396 quem
880 3315 1059 3377 incolumem
1109 3389 1114 3399 ¹

58 3407 146 3462 tanto
174 3418 268 3481 opere
294 3407 454 3480 carperent,
484 3400 667 3481 quandoque
687 3398 1058 3548 optimatiarpyartibas,
