2286 3862
104 213 163 274 172
184 224 213 272 c.
233 223 382 272 sunnam
402 221 529 281 ranno.
546 222 593 269 on
608 222 691 270 mun
708 221 892 272 cassanum
907 222 982 272 urs.
998 221 1051 271 vr.

102 380 280 440 venationes
296 387 326 438 et
341 381 369 438 in
384 380 462 438 circo
479 379 549 437 etin
570 376 701 439 omnibus
716 376 796 438 urbis
817 377 991 456 regionibus
1016 379 1108 462 dedit,

101 482 202 525 munus
213 466 297 523 etiam
309 462 520 539 gladiatorium,
537 462 589 522 sed
598 471 675 523 tanta
687 464 819 540 saevitia,
836 472 867 522 ut
877 480 1008 524 necesse
1020 465 1109 528 luerit

72 549 234 626 thagasto
251 548 323 607 clam
340 546 444 606 irustra
462 547 597 607 monitum
612 546 709 607 edicto
727 565 880 607 coercere.
914 545 965 607 Ex
978 546 1104 612 AutouIa

101 635 212 694 maiore
226 641 336 711 patrem
351 630 378 690 N
380 633 476 692 eronis
494 632 677 711 procreavit,
694 633 770 691 omni
785 639 869 711 parte
881 631 964 691 vitae
977 630 1098 695 detesta-

101 717 197 777 bilem.
238 715 383 795 Siquidem
412 733 510 776 comes
537 715 573 777 ad
594 715 740 776 Orientem
764 713 797 776 G.
818 713 958 776 Caesaris
978 716 1119 794 quentae

103 804 203 864 occiso
220 800 326 860 liberto
343 818 415 879 suo,
438 800 515 880 quod
535 810 637 879 potare
658 809 790 879 quantum
813 799 970 860 iubebatur
986 818 1097 862 recusa·

101 895 160 960 rat,
176 886 311 945 dImissus
327 904 343 944 e
361 886 482 945 cohorte
498 887 653 945 amicorum
671 884 758 945 nihilo
770 883 932 944 modestius
946 885 1032 945 uixit.
1048 885 1103 945 Sed

103 979 132 1030 et
148 972 174 1029 in
190 971 254 1030 viae
269 970 384 1051 Appiae
400 971 466 1030 vico
482 977 603 1048 repente
620 986 738 1048 puerum
763 970 857 1029 citatis
878 969 1019 1029 iumentis
1033 968 1106 1030 baud

102 1056 219 1132 ignarus
235 1054 368 1129 obtrivit,
387 1063 416 1113 et
430 1054 540 1113 Romae
555 1052 649 1112 medio
665 1053 730 1112 loro
747 1052 858 1113 cuidam
873 1053 965 1131 equiti
978 1052 1019 1115 rt.
1036 1053 1105 1114 libe·

101 1140 161 1198 rius
183 1141 305 1215 iurganti
328 1137 442 1196 oculum
465 1140 552 1203 eruit:
584 1135 725 1215 perfidiae
749 1154 820 1197 vero
844 1145 960 1214 tantae,
989 1146 1024 1198 ut
1052 1152 1137 1199 nono

101 1221 186 1280 modo
204 1221 385 1297 argentarios
400 1221 501 1299 preths
516 1239 611 1279 rerum
628 1231 840 1299 coemptarum,
860 1220 912 1281 sed
930 1221 1007 1281 etin
1024 1240 1107 1302 prae-

101 1314 163 1365 tura
180 1303 318 1364 mercede
343 1304 499 1383 palmarum
519 1306 680 1381 aurigarios
699 1304 889 1374 fraudaverim
926 1312 1051 1367 notatus
1071 1306 1108 1367 ob

11 1428 15 1436 ·
101 1388 175 1449 haec
187 1397 216 1448 et
228 1389 340 1449 sororis
353 1389 454 1466 ioco,*
473 1389 660 1468 querentibus
673 1389 794 1449 dominis
809 1389 968 1450 lactionum
985 1407 1107 1471 reprae-

103 1472 241 1534 sentanda
262 1473 389 1553 praemia
411 1475 439 1532 in
460 1482 608 1554 posterum
629 1475 731 1534 sanxit.
762 1473 921 1534 Maiestatis
943 1490 1066 1554 quoque
1082 1486 1110 1536 et

103 1557 307 1618 adulteriorum
328 1558 489 1637 incestique
511 1576 574 1618 cum
593 1576 697 1618 sorore
712 1557 821 1636 Lepida
842 1557 895 1618 sub
912 1576 1046 1620 excessu
1064 1559 1137 1621 I'i-rs

102 1640 165 1701 beri
187 1660 269 1719 reus,
302 1644 458 1702 mutatione
488 1651 649 1721 temporum
672 1644 764 1703 erasit
789 1641 977 1722 decessitque
1003 1642 1109 1723 Pyrgis

102 1724 203 1786 morbo
220 1744 312 1805 aquae
328 1727 492 1803 intercutis,
518 1727 631 1787 sublato
654 1726 714 1787 filio
736 1727 854 1786 Nerone
872 1743 911 1786 ex
927 1726 1108 1808 Angppina,

103 1809 273 1871 Germanico
287 1812 393 1888 genita.

72 1908 89 1962 6
163 1894 243 1953 Nero
259 1903 342 1954 natus
358 1903 404 1954 est
424 1892 493 1953 Anti
515 1902 582 1973 post
604 1893 687 1956 vt111
712 1912 841 1956 mensem
862 1911 947 1974 quam
970 1894 1109 1959 Tiberius

101 1978 244 2053 excessit,
262 1977 369 2039 XVIII.
385 1977 432 2038 tlt.
449 1977 509 2038 Ian.
526 1987 633 2038 tantum
650 1978 727 2056 qnod
743 1982 895 2039 exoriente
910 1978 998 2058 sole,
1015 1997 1137 2062 paenerr

99 2070 130 2120 ut
154 2059 245 2121 radiis
271 2064 350 2140 prius
375 2080 459 2141 quam
473 2071 551 2123 terra
568 2064 795 2139 contiugeretur.
827 2061 872 2122 De
887 2064 1029 2141 genitura
1048 2069 1110 2128 eins

101 2146 194 2205 statim
216 2147 303 2207 multa
320 2155 348 2206 et
369 2145 561 2207 lormIdolosa
578 2147 673 2207 multIs
691 2145 916 2225 coiectantibus,
944 2152 1108 2229 praesugIo

100 2229 152 2290 luit
168 2231 252 2291 etiam
272 2229 389 2291 Domitii
410 2232 501 2309 patris
523 2249 599 2309 vox,
621 2234 695 2290 inter
717 2230 925 2308 gratulationes
946 2236 1109 2295 amicornm

98 2316 240 2394 aequatis
260 2314 422 2396 quiequam
442 2333 481 2375 em
496 2333 530 2375 ee
552 2322 581 2376 et
593 2313 771 2396 Aqrr'ppa'oo
790 2313 853 2376 rrisa‘
876 2314 1068 2381 detectabile
1082 2325 1110 2380 et

100 2400 182 2460 malo
201 2397 328 2477 pablr‘co
353 2400 445 2461 nosci
456 2400 604 2479 potuisse.
636 2398 773 2459 Eiusdem
789 2399 901 2460 inturae
922 2400 1107 2464 infelicitatis
1115 2417 1136 2458 aa

99 2485 212 2560 signum
229 2484 349 2544 evidens
363 2484 409 2544 die
426 2483 547 2544 lustrico
565 2484 673 2550 extitit;
696 2501 760 2544 nam
778 2482 811 2545 G.
830 2480 956 2562 Caesar,
979 2496 1108 2565 rogante

100 2582 204 2625 sorore
222 2575 252 2624 ut
268 2567 368 2628 infanti
386 2568 463 2646 quod
480 2567 571 2627 vellet
586 2584 691 2626 nomen
707 2566 805 2646 daret,
822 2570 936 2628 intuens
952 2566 1108 2631 Claudium

99 2657 229 2727 patruum
246 2669 342 2727 suum,
358 2669 374 2710 a
391 2667 448 2729 quo
465 2668 533 2710 mox
547 2651 680 2730 priucipe
695 2650 776 2712 Nero
791 2652 945 2731 adoptatus
960 2662 1024 2733 est,
1040 2656 1108 2716 eius

99 2749 133 2792 ce
149 2730 218 2791 dixit
233 2733 327 2810 dore,
345 2752 441 2812 neque
455 2735 519 2811 lpse
537 2735 613 2794 serio
630 2734 682 2794 sed
695 2738 867 2814 periocnm,
884 2744 914 2796 et
924 2749 1107 2816 aspernante

98 2816 277 2893 Agrippina,
295 2818 371 2898 quod
387 2826 444 2878 tam
463 2815 599 2878 Claudius
613 2819 688 2877 iuter
704 2818 825 2881 ludibria
842 2821 924 2882 aulae
941 2830 1018 2882 erat.
1115 2839 1135 2882 s

182 2898 324 2962 Trimulus
342 2911 452 2983 patrem
472 2904 578 2972 amisit;
595 2905 675 2962 cuius
690 2922 727 2963 ex
743 2915 826 2983 parte
843 2905 929 2965 tertIa
943 2903 1050 2986 heres,
1069 2926 1107 2969 ne

97 2987 171 3048 hanc
187 2983 301 3064 quidem
318 2988 461 3066 integram
475 2988 569 3067 cepit,
587 2989 730 3067 correptis
745 3005 798 3067 per
809 2988 985 3050 coheredem
1002 2990 1105 3053 omum

98 3070 241 3132 universis
261 3068 356 3130 bonis.
387 3072 425 3132 Et
456 3072 577 3133 subinde
598 3081 689 3133 matre
715 3075 800 3133 etlam
825 3073 974 3151 relegata,
994 3093 1104 3155 ¹paene

98 3154 183 3233 inops
200 3163 286 3234 atque
303 3171 395 3231 egens
418 3157 494 3236 apud
517 3159 628 3218 amitam
650 3156 788 3236 Lepidam
812 3158 933 3219 nutritus
953 3167 1016 3237 est,
1048 3159 1104 3222 sub

99 3238 210 3299 dnobus
227 3238 408 3318 paedagogis
424 3240 563 3302 saltatore
580 3251 666 3320 atque
687 3249 818 3302 tonsore.
845 3243 956 3302 Verum
977 3240 1134 3307 claudian

98 3323 247 3401 imperium
263 3323 383 3403 adepto,
400 3335 459 3383 non
474 3325 567 3385 solum
582 3335 718 3405 paternas
734 3343 808 3404 opes
824 3327 1021 3406 reciperavit,
1049 3328 1104 3390 sed

100 3413 128 3464 et
150 3404 245 3488 Crispi
272 3409 402 3470 Passieni
424 3408 517 3468 vitrici
540 3411 583 3469 sui
608 3408 768 3470 hereditate
791 3409 895 3471 ditatus
915 3419 971 3471 est.
1002 3410 1103 3475 GratIa

100 3490 211 3567 quidem
230 3503 259 3554 et
282 3494 410 3573 potentia
430 3500 588 3554 revocatae
608 3494 817 3575 restitutaeque
832 3494 932 3556 matris
952 3514 1048 3578 usqne
1065 3515 1103 3559 eo
