2334 3870
375 167 479 216 nuvos
497 167 744 218 unsessrauos.
1002 159 1063 223 225

64 329 134 387 tium
158 323 288 385 euntibus
312 325 340 384 in
365 332 462 385 monte
486 341 596 385 summo
619 324 785 405 appellatur
806 326 986 405 Vespasiae,
1018 327 1064 388 ubi

66 411 276 491 Vespasiorum
296 410 445 487 oomplura
462 417 643 470 monumenta
657 417 765 487 extant,
779 427 913 488 magnum
930 411 1064 472 indicium

65 494 232 575 splendoris
245 494 371 555 familiae
397 502 425 552 et
448 494 609 555 vetustatis.
648 493 716 555 Non
738 494 908 572 negaverim
929 496 1065 557 iactatum

66 597 82 639 a
98 579 275 658 quibusdam,
295 578 428 639 Petronis
445 585 557 656 patrem
571 596 589 638 e
606 579 728 657 regione
745 577 952 658 Transpadana
974 579 1064 640 fuisse

39 666 227 742 emancipem
243 680 414 741 operarum,
440 679 517 740 quae
532 681 569 722 en
584 662 702 724 Umbria
722 664 751 723 in
767 662 892 725 Sabinos
916 663 953 725 ad
975 663 1063 724 cultu·

63 767 125 807 ram
141 764 279 824 agrorum
296 747 464 824 quotannis
489 764 651 806 commeare
673 747 802 816 soleant;
824 745 994 810 subsedisse
1017 765 1065 808 au·

63 841 122 891 tem
138 833 166 890 in
184 829 296 909 oppido
313 831 449 907 Reatino,
471 848 565 890 uxore
578 829 684 890 ibidem
699 830 792 890 dueta.
825 831 893 911 lpse
919 851 955 892 ne
979 832 1065 892 vesti·

63 917 143 990 gium
160 913 274 992 quidem
291 913 327 973 de
343 913 415 992 hoc,
437 915 568 993 quamvis
588 915 659 975 satis
674 914 790 974 curiose
810 916 999 994 inquirerem,
1024 917 1064 975 in·

64 1016 140 1057 venr.

28 1104 52 1144 ro
125 1084 327 1162 Vespasianus
343 1091 427 1143 natus
441 1090 488 1142 est
500 1083 529 1140 in
541 1082 657 1142 Sabinis
669 1080 742 1141 ultra
754 1083 847 1143 Reate
859 1083 927 1142 uioo
939 1081 1065 1158 modico,
1078 1093 1094 1141 2

62 1168 108 1227 oui
123 1184 229 1227 nomen
241 1174 286 1227 est
299 1166 480 1242 l'balaorine,
495 1165 561 1227 XV.
574 1167 620 1228 lil.
633 1164 727 1227 Deob.
740 1169 871 1246 uesperi,
885 1166 920 1240 Q.
934 1164 1065 1246 Sulpicio

64 1250 232 1326 Camerino,
252 1249 285 1310 C.
301 1249 443 1329 Poppaeo
461 1249 569 1310 Sabino
587 1250 669 1313 eous.
687 1251 882 1330 quinquennio
898 1260 964 1311 ante
981 1269 1065 1330 quam

64 1333 215 1409 Augustus
232 1333 406 1400 excederet;
431 1333 569 1392 educatus
590 1334 643 1393 sub
662 1343 783 1410 paterna
804 1336 869 1395 avia
887 1334 1016 1395 Tertulla
1037 1337 1066 1394 in

66 1417 194 1495 praediis
213 1413 347 1475 Cosanis.
380 1415 478 1488 Quare
496 1418 635 1494 princeps
651 1434 768 1494 quoque
786 1427 814 1476 et
835 1418 932 1476 loonm
949 1419 1065 1477 ineuna·

30 1502 198 1562 tabularum
222 1497 337 1559 assidue
359 1499 571 1575 frequentavit,
600 1507 734 1556 manente
755 1498 823 1558 villa
852 1499 945 1576 qualis
973 1499 1067 1557 iuerat

66 1586 152 1661 olim,
175 1582 296 1662 nequid
320 1583 434 1642 seilicet
458 1579 608 1641 oculorum
630 1579 830 1640 consuetudini
855 1582 1017 1659 deperiret;
1038 1589 1067 1642 et

65 1672 147 1729 aviae
163 1668 332 1728 memoriam
349 1675 428 1726 tanto
448 1683 541 1744 opere
557 1665 673 1742 dilexit,
694 1673 723 1725 ut
737 1664 927 1725 sollemnibus
939 1666 1066 1726 aoiestis

64 1753 166 1813 diebus
183 1752 294 1832 pocillo
312 1769 430 1830 quoque
447 1752 509 1810 eius
532 1760 675 1829 argenteo
698 1757 801 1831 potare
819 1751 1066 1830 perseveraverit.

122 1837 241 1915 Sumpta
251 1836 327 1897 virili
340 1845 420 1914 toga,
434 1836 521 1896 latum
534 1836 657 1912 olavum,
672 1853 842 1914 quamquam
850 1834 940 1894 iratre
949 1832 1065 1914 adepto,
1099 1889 1103 1893 .

27 1941 53 1982 ao
63 1924 109 1983 diu
125 1932 279 1981 aversatus
296 1931 350 1997 est,
367 1938 423 1979 neo
445 1929 475 1979 ut
495 1921 610 1981 tandem
631 1928 788 1998 appeteret
818 1918 958 1998 compelli
978 1919 1066 1979 nisia

62 2016 153 2067 matre
175 2007 276 2084 potuit.
305 2004 349 2063 Ea
365 2003 477 2071 demum
496 2004 607 2065 extudit
634 2007 727 2081 magis
748 2005 883 2064 convicio
899 2021 982 2082 quarn
999 2022 1064 2084 pre·

64 2091 145 2152 cibus
162 2089 210 2148 vel
226 2091 415 2162 auctoritate,
436 2086 500 2147 dum
524 2107 588 2147 eum
610 2087 766 2147 identidem
791 2107 844 2168 per
866 2088 1063 2149 contumeliam

64 2172 317 2235 anteambulonem
332 2172 429 2230 iratris
447 2171 588 2250 appellat.

131 2257 317 2318 Tribunatum
334 2255 453 2314 rnilitum
469 2255 497 2313 in
514 2254 638 2314 Thracia
654 2257 772 2325 meruit;
796 2265 933 2334 quaestor
952 2255 1067 2317 Cretam

29 2361 54 2400 aa
65 2352 93 2402 et
109 2340 240 2417 Cyrenas
260 2339 440 2418 provinciam
457 2347 536 2399 sorte
554 2341 648 2418 oepit;
674 2339 828 2400 aedilitatis
848 2358 883 2400 ao
899 2358 967 2401 mox
982 2358 1066 2420 prae·

64 2435 146 2485 turae
167 2424 345 2500 candidatus,
363 2423 441 2483 illam
456 2441 515 2482 non
538 2425 600 2483 sine
621 2423 740 2503 repulsa
763 2434 907 2502 sextoque
929 2428 978 2485 vix
1000 2424 1065 2485 ade·

65 2518 131 2587 ptus
148 2517 192 2568 est
208 2509 287 2583 loeo,
305 2507 379 2568 bane
398 2509 488 2587 prima
506 2508 600 2568 statim
613 2508 755 2589 petitione
767 2510 836 2568 etin
849 2511 965 2586 primis;
982 2526 1065 2588 prae·

64 2603 109 2655 tor
124 2593 268 2653 infensum
284 2593 395 2653 senatui
415 2592 515 2654 (laium
531 2610 567 2652 ne
585 2611 644 2670 quo
662 2612 720 2653 non
732 2611 844 2671 genere
856 2592 1063 2672 demereretur,

62 2677 146 2739 ludos
163 2677 411 2738 extraordinarios
434 2695 487 2757 pro
509 2678 632 2738 victoria
657 2679 718 2739 eius
742 2676 912 2738 Germanica
934 2678 1063 2760 depopo-

26 2765 126 2839 aosoit,
145 2780 317 2842 poenaeque
338 2764 554 2823 coniuratorum
570 2762 731 2824 addendum
747 2763 860 2823 censuit
878 2770 908 2821 ut
929 2763 1065 2842 insepulti

63 2849 276 2929 proicerentur.
306 2846 376 2924 Egit
391 2856 420 2907 et
438 2850 549 2924 gratias
568 2850 596 2908 ei
611 2847 688 2927 apud
705 2847 909 2925 amplissimum
924 2847 1063 2922 ordinem,

62 2931 141 3011 quod
157 2948 189 2990 se
207 2929 320 2991 bonore
337 2949 448 2991 oaenae
464 2932 600 3010 dignatus
618 2942 707 2993 esset.

123 3015 203 3076 lnter
219 3013 294 3075 haee
308 3014 439 3076 Flauiam
456 3015 633 3078 Domitillam
649 3018 731 3078 duxit
749 3035 879 3096 uxorem,
898 3018 991 3079 Statili
1010 3015 1095 3078 (la-3

62 3100 159 3181 pellae
177 3100 282 3179 equitis
300 3101 336 3161 R.
354 3099 540 3159 Sabratensis
557 3119 595 3161 ex
609 3102 712 3162 Airioa
728 3102 879 3164 delicatam
904 3103 972 3163 olim
990 3101 1064 3162 Lati-

27 3201 174 3263 asnaeque
190 3183 383 3262 condicionis,
401 3183 453 3244 sed
470 3203 539 3244 mox
557 3186 713 3264 ingenuam
729 3196 758 3247 et
774 3188 867 3249 nivern
881 3189 966 3249 llorn.
989 3186 1058 3247 reri-

60 3270 211 3349 peratorio
227 3269 334 3330 iudicio
352 3271 573 3349 pronuntiatam,
591 3281 674 3349 patre
691 3280 841 3333 asserente
859 3271 961 3332 Flauio
980 3270 1046 3331 Libe

59 3353 122 3414 rale
141 3352 258 3413 Ferenti
273 3355 373 3431 genito
390 3372 446 3414 neo
464 3357 619 3435 quiequam
644 3356 766 3435 amplius
790 3375 874 3436 quam
899 3356 1055 3417 quaestori.

60 3437 167 3497 sariba,
213 3437 259 3498 Ex
276 3437 331 3497 qun
346 3437 456 3498 'fhfll'ofl
473 3440 537 3499 tulit
554 3441 645 3498 q'iturum
663 3451 692 3490 ol
709 3440 892 3502 Domitiqnn..
930 3482 931 3485 ,
971 3440 1048 3494 ibam.

140 3543 141 3546 ¹
159 3544 166 3556 ι
839 3528 846 3561 l
