2286 3862
94 154 155 216 186
200 165 230 212 c.
247 163 397 212 suarem
413 161 541 220 nanno.
559 160 606 208 nu
623 160 709 207 vura
729 159 1000 212 censeamus.
1011 162 1062 212 vu.

94 323 254 399 rigentem,
282 318 422 378 hactenus
444 316 538 394 primo
565 315 741 392 gravabatur
763 322 794 375 ut
813 313 919 376 invidia
943 316 1106 380 identidem

97 412 252 480 oneraret,
270 404 351 481 quasi
367 418 504 461 cessurus
518 399 641 478 imperio
657 397 847 477 Rhodumque
862 396 1012 479 abiturus,
1035 423 1106 466 mox

97 498 126 550 et
150 488 262 549 honore
284 486 360 547 omni
379 494 407 545 et
422 491 568 564 potestate
584 483 718 561 privavit,
734 481 917 562 abductaque
933 485 1055 548 militum
1076 496 1105 548 et

97 573 306 635 Germanorum
322 570 461 646 statione,
485 565 676 628 contuhemio
695 584 812 646 quoque
829 585 865 628 ac
880 568 995 631 Palatio
1011 590 1102 652 expu-

96 658 142 727 lit;
168 674 264 734 neque
288 655 317 713 in
339 652 500 713 diuexanda
522 653 675 731 quicquam
697 653 781 731 pensi
803 651 918 731 hahuit,
943 656 1123 722 emississ

97 742 146 821 qui
162 749 191 800 et
202 740 313 800 Romae
328 746 487 798 morantem
502 735 600 796 litibus
614 744 642 795 et
656 737 684 794 in
697 753 819 795 secessu
831 738 1028 816 quiescentem
1041 757 1096 820 per

99 824 231 887 convicia
247 831 277 881 et
291 823 376 882 iocos
390 831 468 882 terra
483 821 611 899 marique
623 819 885 898 praeteruehentes
895 822 1098 901 inquietarent.

97 910 207 970 Verum
221 907 304 967 minis
320 907 382 966 eius
397 922 432 966 ac
449 905 587 966 violentia
601 905 718 963 territus
730 904 856 983 perdere
868 907 981 977 statuit;
996 915 1102 968 etcum

97 1001 143 1053 ter
168 1009 284 1051 veneno
312 999 484 1069 temptasset
509 989 689 1067 sentiretque
720 988 854 1050 antidotis
879 991 1101 1069 praemunitam,

98 1077 260 1152 lacunaria,
277 1093 353 1152 quae
371 1081 460 1133 noctu
478 1091 568 1151 super
582 1071 771 1132 dormientem
786 1073 883 1134 laxata
898 1073 1033 1136 machina
1052 1075 1101 1135 de·
1111 1101 1133 1142 aa

99 1159 244 1234 ciderent,
263 1158 386 1235 paravit.
423 1155 488 1216 Hoc
507 1155 630 1216 consilio
648 1174 702 1236 per
720 1158 857 1218 conscios
872 1176 974 1236 parum
993 1159 1102 1237 celato,

98 1242 243 1304 solutilem
257 1258 375 1316 navem,
396 1239 477 1299 cuius
492 1239 540 1299 vel
555 1240 707 1318 naufragio
723 1241 772 1300 vel
787 1259 920 1303 camarae
937 1244 1021 1304 ruina
1036 1261 1102 1322 per-

98 1329 169 1402 iret,
196 1334 375 1385 commentus
392 1333 455 1400 est,
481 1332 566 1402 atque
582 1326 620 1384 ita
636 1325 876 1387 reconciliatione
892 1327 1040 1404 simulata,
1062 1329 1102 1386 iu·

100 1409 280 1472 cundissimis
293 1408 399 1467 litteris
408 1407 493 1468 Baias
508 1409 643 1469 evocavit
656 1409 694 1469 ad
711 1408 861 1471 sollemnia
873 1411 1103 1490 Quinquatruum

99 1494 182 1555 simul
198 1492 388 1563 celebranda;
416 1491 543 1572 datoque
563 1493 684 1570 negotio
702 1493 888 1572 trierarchis,
911 1495 960 1574 qui
983 1495 1131 1561 liburni-ru

99 1597 162 1639 cam
184 1594 239 1656 qua
257 1575 379 1637 advecta
396 1586 459 1637 erat
474 1577 555 1637 velut
570 1577 688 1637 fortuito
706 1594 849 1637 concursu
867 1579 1101 1658 confringerent,

99 1661 244 1742 protraxit
259 1661 440 1738 convivium,
464 1661 668 1739 repetentique
683 1659 791 1720 Baulos
814 1661 843 1720 iu
858 1661 958 1725 locum
972 1664 1102 1742 corrupti

99 1745 208 1822 navigii
223 1744 418 1804 machinosum
433 1744 503 1804 illud
526 1743 645 1823 optulit,
667 1745 758 1805 hilare
776 1755 950 1824 prosecutus
965 1755 1057 1826 atque
1073 1748 1102 1807 iu

99 1830 234 1905 digressu
255 1828 381 1907 papillas
406 1846 523 1907 quoque
550 1828 747 1888 exosculatus.
780 1829 934 1909 Reliquum
958 1831 1102 1910 temporis

100 1930 164 1972 cum
178 1929 283 1987 magna
297 1913 491 1992 trepidatione
507 1911 653 1989 vigilavit,
677 1913 836 1992 opperiens
853 1923 1026 1994 coeptorum
1041 1915 1130 1998 eui-m

99 2005 167 2055 tum.
199 1994 258 2054 Sed
269 2005 299 2055 ut
311 1996 425 2057 diversa
441 1998 535 2056 omnia
551 1995 708 2074 nandoque
720 1998 851 2057 evasisse
866 2015 930 2059 eam
945 1998 1102 2077 comperit,

99 2079 186 2158 inops
206 2080 320 2138 consilii
336 2081 368 2140 L.
385 2079 544 2156 Agerinum
559 2079 694 2139 libertum
716 2081 795 2158 eius,
817 2081 926 2142 salvam
942 2091 973 2142 et
988 2082 1100 2143 incolu-

99 2181 173 2223 mem
191 2181 254 2222 cum
268 2164 374 2241 gaudio
391 2163 583 2240 nuntiantem,
605 2163 720 2224 abiecto
744 2165 818 2225 clam
832 2167 910 2226 iuxta
926 2167 1060 2245 pugione
1073 2174 1103 2226 ut

99 2265 306 2327 percussorem
321 2247 376 2306 sihi
392 2246 577 2308 subornatum
591 2249 680 2327 arripi
699 2249 916 2328 constringique
934 2250 1029 2328 iussit,
1042 2268 1100 2312 ma-

99 2341 172 2391 trem
189 2330 298 2407 occidi,
320 2334 402 2410 quasi
417 2331 630 2410 deprehensum
647 2333 754 2392 crimen
768 2333 930 2394 voluntaria
945 2342 1044 2395 morte
1060 2335 1131 2399 viae

99 2425 200 2475 tasset.
227 2414 380 2475 Adduntur
395 2415 439 2476 his
459 2418 621 2494 atrociora,
643 2433 699 2475 nec
717 2417 836 2477 incertis
859 2416 1043 2480 auctoribus:
1065 2416 1101 2479 ad

100 2499 249 2559 visendum
261 2500 434 2561 interfectae
449 2499 576 2561 cadaver
595 2501 775 2578 accurrisse,
797 2510 997 2563 contrectasse
1011 2520 1100 2563 mem·

100 2582 164 2658 hra,
178 2582 233 2643 alia
246 2584 440 2663 vituperasse,
455 2583 512 2644 alia
528 2583 674 2660 laudasse,
689 2585 794 2663 sitique
808 2585 922 2646 interim
936 2584 1045 2648 ohorta
1058 2585 1100 2647 hi·

99 2666 189 2726 bisse.
216 2665 320 2746 Neque
335 2677 430 2728 tamen
446 2669 653 2728 conscientiam
668 2668 801 2746 sceleris,
818 2686 988 2749 quamquam
1003 2679 1036 2731 ct
1050 2669 1100 2732 mi·

100 2749 179 2810 litum
199 2760 229 2809 et
242 2761 358 2811 senatus
373 2752 533 2831 populique
548 2751 787 2829 gratulationibus
803 2755 1034 2833 confirmaretur,
1052 2763 1132 2819 auten

99 2834 194 2894 statim
210 2843 257 2894 aut
271 2853 404 2913 umquam
418 2844 522 2915 postea
536 2836 616 2895 lerre
632 2837 734 2914 potuit,
749 2855 839 2916 saepe
858 2838 1013 2899 confessus
1029 2856 1098 2899 exa-

99 2918 185 2996 gitari
205 2936 237 2976 se
260 2928 388 2980 materna
409 2920 510 2998 specie
528 2919 760 3000 verberibusque
776 2920 925 2982 Furiarum
946 2940 983 2982 ac
1003 2923 1100 2984 taedis

100 3000 275 3062 ardentibus·
305 3004 379 3079 Quin
395 3013 424 3064 et
437 3003 515 3064 lacto
532 3004 698 3083 perllagos
712 3023 796 3065 sacro
812 3024 939 3067 evocare
950 3005 1056 3068 dianes
1071 3016 1100 3066 et

100 3104 224 3156 exorare
240 3089 400 3166 temptavit.
432 3088 670 3166 Peregrinatione
686 3089 800 3167 quidem
812 3089 952 3151 Graeciae
968 3099 998 3151 st
1008 3089 1098 3152 llleu-

101 3170 171 3228 sinis
186 3171 296 3248 sacris,
316 3190 437 3250 quorum
453 3173 610 3232 initiatione
626 3173 705 3251 impii
721 3183 749 3233 et
767 3174 905 3234 scelerati
921 3192 997 3235 voce
1012 3192 1098 3254 prae·
1108 3191 1132 3234 an

102 3255 184 3314 conis
200 3264 427 3333 summoventur,
443 3257 586 3315 interesse
601 3274 660 3316 non
679 3276 766 3318 ausus
781 3267 836 3318 est.

164 3337 258 3398 lunxit
274 3338 429 3417 parricidio
441 3342 539 3400 matris
555 3340 657 3400 amitae
672 3360 785 3402 necem.
813 3343 904 3417 Quam
917 3361 981 3402 cum
995 3361 1034 3404 ex
1050 3343 1099 3404 du·

100 3416 165 3480 rltie
180 3422 238 3482 alvi
255 3423 405 3484 cubantem
422 3424 567 3503 visitaret,
586 3433 615 3484 et
632 3423 681 3486 illa
699 3434 825 3487 tractans
840 3425 1006 3505 lanuginem
1023 3429 1099 3508 eius,
