2286 3862
112 168 133 229 4
202 178 232 226 c.
248 177 398 226 susroru
415 177 543 237 ranno.
559 178 607 224 on
623 179 704 225 vrrs
722 178 909 229 cananeum
926 180 1008 230 nm.
1023 182 1049 229 1.

114 352 193 416 qrrce
207 350 309 393 recum
325 330 417 392 simut
430 330 654 409 defendissent,
672 333 767 395 ecitio
780 332 923 412 totunm
929 358 948 407 ,-
965 354 1048 399 nam
1059 336 1125 401 Coc

113 419 183 479 scri
198 416 309 477 maltos
321 415 442 476 Marios
455 416 566 474 inesse.

87 523 104 575 2
179 501 326 580 Stipendia
343 503 433 578 prima
449 500 476 557 in
488 499 559 559 Asia
573 497 644 558 lecit
658 498 747 559 Marci
760 500 877 561 Thermi
893 506 1055 581 praetoris
1070 524 1125 567 oon

114 587 263 653 tubernio;
280 603 295 643 a
313 602 369 662 quo
386 583 420 642 ad
436 583 642 643 accersendam
655 582 779 644 classem
790 585 819 643 in
831 584 1007 661 Bithyniam
1018 590 1123 665 missus,
1141 621 1143 632 ν

115 670 228 731 desedit
251 668 326 746 apud
349 665 547 743 Nicomeden,
573 684 632 726 nou
649 667 712 726 sine
731 679 1049 748 rumore-prostratae
1072 676 1143 753 repit

114 754 284 835 pudicitiae:
301 769 385 828 quem
401 769 545 811 rumorem
560 752 654 827 auxit,
667 752 740 811 intra
754 769 867 832 paucos
881 771 992 815 rursus
1009 756 1078 820 dies
1090 778 1122 819 rc·

115 839 205 917 petita
221 834 352 910 Bithynia
368 853 423 914 per
440 853 556 896 causam
570 834 731 913 exigendae
754 836 915 915 pecuniae,
938 856 1024 918 quae
1048 840 1121 905 debe

114 930 194 981 retur
216 918 326 979 cuidam
343 919 478 979 libertino
495 918 592 978 clienti
611 938 673 980 suo.
695 918 819 999 Reliqua
832 920 936 982 militia
952 926 1121 989 secundiore

114 1006 191 1066 lama
206 1005 258 1063 luit
275 1012 303 1062 et
327 1022 342 1062 a
360 1003 485 1063 Thermo
509 1004 537 1061 in
554 1005 770 1081 expugnatione
786 1004 999 1080 Mytilenarum
1024 1026 1120 1073 coron
1135 1063 1143 1084 ,

87 1089 208 1150 boivica
225 1087 346 1147 donatus
363 1096 416 1147 cst.
447 1087 550 1147 Metuit
567 1096 596 1145 et
611 1088 664 1146 sub
680 1087 806 1147 Servilio
820 1087 956 1151 Isaurico
974 1093 1008 1153 lu
1022 1092 1119 1171 cibun
1135 1087 1143 1142 ἶ

115 1173 167 1235 sed
181 1172 265 1231 brevi
279 1180 421 1249 tempore.
451 1169 525 1229 Nam
540 1170 639 1231 Sullae
659 1181 752 1232 morte
769 1181 942 1252 comperta,
967 1177 1063 1239 simul
1081 1196 1119 1259 spe

115 1275 209 1318 novae
234 1256 441 1330 dissensionis,
469 1273 544 1333 quae
566 1273 620 1333 per
640 1256 768 1317 Marcum
782 1255 924 1337 Lepidum
940 1262 1119 1337 movebatur,

114 1343 236 1403 Romam
256 1356 385 1418 propere
412 1339 495 1398 redit.
528 1338 565 1399 Et
582 1338 682 1418 Lepidi
707 1339 821 1419 quidem
842 1341 1014 1425 societate,
1039 1364 1119 1427 qua}

116 1444 201 1506 quarn
222 1425 336 1501 magnis
359 1423 577 1484 condicionibus
596 1426 780 1501 invitaretur,
805 1424 964 1505 abstinuit,
998 1449 1070 1493 cum
1092 1432 1119 1493 ir

115 1509 205 1588 genio
229 1510 291 1567 eius
312 1507 421 1568 diffisus
443 1517 500 1569 tum
522 1510 696 1585 occasione,
719 1527 803 1587 quam
820 1511 967 1574 minorem
993 1512 1128 1595 op'iuiout

86 1601 103 1655 4
116 1593 285 1654 offenderat.
312 1591 447 1652 Ceterum
460 1594 621 1670 composita
633 1593 776 1652 seditione
791 1593 866 1652 civili
879 1589 1066 1661 Cornelium
1077 1600 1119 1661 llo

115 1676 251 1737 labellam
274 1675 455 1734 consularem
476 1685 505 1733 et
527 1675 726 1753 triumphalem
749 1676 980 1755 repetundarum
1005 1684 1133 1763 postula

115 1761 172 1828 vit;
189 1756 383 1836 absolutoque
397 1757 529 1818 Rhodum
547 1759 687 1819 secedere
700 1763 813 1837 statuit,
826 1770 855 1821 et
869 1760 906 1821 ad
921 1761 1132 1831 declinanda!¹

114 1840 248 1903 invidiam
269 1849 298 1899 et
315 1849 344 1899 ut
365 1859 418 1919 per
440 1841 528 1901 otium
549 1860 583 1901 ac
606 1846 736 1921 requiem
753 1844 914 1922 Apollonio
933 1846 1060 1915 Moloni
1079 1852 1137 1915 clt'

116 1928 231 1986 rissimo
252 1933 319 1983 tunc
342 1924 455 1984 dicendi
476 1927 616 2002 magistro
640 1944 760 2004 operam
780 1928 871 1988 daret.
905 1928 977 1993 lluc
1002 1936 1119 1999 dumh'r

116 2008 216 2070 bernis
235 2008 290 2065 iam
313 2009 460 2068 mensibus
481 2011 590 2087 traicit,
615 2011 692 2071 circa
715 2011 958 2077 Pharmacussam
973 2018 1119 2085 insulnt
1142 2021 1143 2024 ’

117 2090 314 2173 praedonibus
327 2103 429 2173 captus
442 2103 503 2172 est,
515 2096 677 2174 mansitque
691 2095 768 2175 apud
780 2113 848 2173 eos,
861 2115 922 2159 nou
935 2100 1009 2165 siue
1029 2120 1119 2171 sumn

116 2176 328 2257 indignatione,
346 2195 442 2257 prope
460 2178 649 2257 quadraginta
665 2177 727 2240 dies
744 2198 806 2239 curn
823 2198 879 2242 uno
896 2182 1027 2251 medico
1044 2200 1076 2253 et
1087 2200 1138 2255 a?

115 2263 252 2325 bieularis
269 2262 391 2324 duobus.
424 2262 496 2323 Nam
513 2264 635 2324 comites
653 2281 817 2342 servosque
834 2273 957 2329 ceteros
973 2270 1065 2337 initio
1078 2260 1136 2337 tit*

115 2350 165 2409 tim
181 2348 217 2407 ad
234 2347 431 2426 expediendas
446 2349 599 2426 pecunias,
615 2347 718 2425 quibus
733 2348 946 2431 redimeretur,
968 2354 1129 2421 dimiserat

114 2431 279 2493 Numeratis
300 2430 405 2490 deinde
427 2431 637 2509 quinquaginta
652 2431 782 2508 talentis,
805 2435 964 2511 expositus
988 2440 1025 2503 in
1049 2436 1134 2505 lltttt'

114 2533 173 2574 non
200 2513 308 2572 distulit
336 2514 403 2590 quin
431 2531 446 2571 e
472 2515 599 2590 vestigio
622 2512 718 2574 classe
744 2514 866 2577 deducta
892 2534 1136 2607 persequeretur,

115 2597 266 2669 abeuntis,
289 2614 322 2655 ac
343 2594 479 2656 redactos
500 2599 528 2656 in
546 2606 719 2675 potestatem
743 2600 905 2679 supplicio,
936 2597 1135 2693 quodnequi

115 2679 172 2740 illis
188 2680 309 2739 minatus
325 2681 399 2739 inter
416 2681 511 2740 iocum
526 2682 636 2758 luerat,
651 2682 801 2744 adficeret,
827 2686 973 2751 Vastante
986 2678 1134 2777 καίων’

117 2766 265 2843 proximas
281 2762 442 2825 Mithridate
457 2783 494 2824 ne
510 2766 643 2826 desidere
658 2768 685 2826 in
698 2768 860 2829 discrimine
876 2773 1039 2843 sociorum
1055 2780 1132 2859 videt,

116 2857 212 2925 retur,
225 2848 261 2908 ab
275 2849 397 2926 Rhodo,
410 2866 468 2928 quo
485 2851 684 2928 pertenderat,
698 2854 809 2913 transiit
824 2854 852 2912 in
864 2854 988 2939 Asiam,
1003 2864 1115 2929 auxilie

118 2950 175 3011 que
192 2936 348 2992 contractis
365 2943 394 2993 et
415 2934 566 3012 praelecto
590 2934 670 3012 regis
686 2937 836 3015 provincia
850 2941 982 3017 expulso
1004 2946 1116 3013 annoti

118 3035 153 3077 ac
170 3016 270 3076 dubias
288 3018 419 3078 civitates
434 3019 550 3078 retinuit
565 3021 593 3078 in
609 3016 674 3078 lide.

90 3115 106 3164 5
182 3099 337 3161 Tribunatu
352 3102 479 3179 militurn,
496 3104 544 3181 qui
560 3104 668 3181 primus
679 3104 801 3169 Romam
814 3123 940 3170 reverso
955 3131 1018 3192 per
1031 3118 1115 3181 ,um

118 3188 166 3263 gia
182 3185 283 3264 populi
299 3185 393 3245 honor
405 3188 525 3265 optigit,
542 3197 659 3247 actores
673 3188 868 3252 restituendae
881 3193 1065 3265 tribuniciae
1077 3216 1115 3283 pt

117 3272 246 3346 testatis,
260 3271 340 3329 cuius
352 3271 408 3329 vim
421 3271 500 3331 Sulla
513 3271 693 3349 diminuerat,
708 3273 872 3334 enixissime
884 3278 968 3339 iuvit.
993 3282 1031 3349 Ι..
1047 3288 1116 3349 etin

120 3352 227 3415 Cinnae
242 3356 342 3415 uxoris
356 3353 453 3431 fratri,
476 3364 506 3415 et
521 3357 569 3433 qui
587 3374 650 3416 cum
671 3372 708 3416 eo
725 3355 801 3415 civili
821 3358 971 3426 discordia
986 3366 1116 3453 Lepidm

119 3439 211 3499 secuti
228 3449 294 3520 post
308 3458 408 3501 necem
422 3439 549 3500 consulis
565 3440 601 3501 ad
610 3439 768 3500 Sertorium
781 3441 993 3529 confugerant,
1007 3456 1117 3519 radim
