2334 3870
538 222 643 271 NERO·
1033 219 1088 280 171

96 380 172 438 inter
192 374 343 437 sollemnia
364 377 497 458 triumphi
513 388 720 460 prosequente.
743 378 775 439 ln
796 378 871 439 hunc
885 379 954 442 dixit
968 382 1092 445 Licinius

98 459 222 523 crassus
234 468 351 538 orator,
368 480 431 523 nort
442 480 509 522 esse
520 464 709 538 mirandam,
726 463 809 542 qaod
821 479 949 524 aeneam
961 465 1093 530 burdam

95 544 239 621 heberet,
261 543 313 604 cui
333 562 369 605 oa
389 545 543 624 ferreum,
565 565 620 608 cor
630 546 806 626 plumbeum
828 555 917 608 esset.
951 548 1041 612 Huius
1061 553 1091 613 li·

95 631 151 690 lius
168 636 286 706 praetor
301 626 334 689 G.
352 627 507 691 Gaesarem
524 629 676 691 abeuntem
697 631 863 707 consulatu,
886 650 970 710 quem
990 633 1092 696 aduer-

70 729 145 774 osus
164 712 293 791 auspicia
309 712 453 793 legesque
469 717 599 792 gessisse
616 714 846 793 existimabatur,
868 714 903 775 ad
919 715 1091 796 disquisitio·

96 815 163 857 nem
175 804 290 856 senatus
302 800 433 868 rocavit;
450 816 519 859 mox
535 798 635 859 consul
648 800 850 876 imperatorem
863 799 899 860 ab
915 800 1094 862 exercitibus

98 879 218 941 Gallicis
231 879 379 941 retrahere
401 884 567 964 temptauit,
591 899 803 960 successorque
819 883 845 942 ei
868 901 920 960 per
936 884 1092 945 laetiorem

97 965 271 1040 nominatus,
303 965 445 1046 principio
470 968 563 1027 civilis
584 966 655 1028 belli
675 965 711 1026 ad
734 964 890 1026 corfinium
913 977 1014 1045 captus
1036 976 1091 1028 est.

96 1046 180 1109 Unde
196 1047 327 1108 dimissus
342 1049 532 1112 Massiliensis
548 1052 700 1112 obsidione
715 1048 873 1111 laborantis
893 1069 955 1110 cum
968 1051 1093 1112 adventu

62 1146 148 1194 t⁰suo
165 1134 378 1211 confirmasset,
401 1145 524 1215 repente
539 1137 682 1213 destituit,
702 1136 824 1214 acieque
845 1132 957 1194 demum
972 1134 1094 1196 Pharsa-

95 1218 152 1277 lica
170 1218 321 1286 occubuit;
350 1221 394 1277 vir
414 1238 509 1298 neque
531 1224 600 1281 satis
621 1230 756 1283 constans
772 1228 801 1279 et
815 1219 934 1296 ingenio
951 1220 1042 1296 truci,
1064 1220 1094 1278 in

96 1301 302 1376 desperatione
316 1318 412 1359 rernm
430 1311 550 1361 mortem
568 1306 670 1363 timore
687 1305 845 1382 appetitam
859 1305 896 1362 ita
913 1306 1046 1383 expavit,
1064 1312 1095 1362 ut

96 1382 227 1440 haustuum
246 1397 388 1440 venenum
406 1385 580 1459 paenitentia
603 1387 763 1444 evomuerit
783 1384 982 1463 medicumque
998 1404 1093 1445 mann·

97 1465 223 1538 miserit,
241 1461 319 1541 quod
333 1462 387 1522 sibi
402 1462 528 1542 prudens
544 1483 579 1524 ac
591 1467 687 1524 sciens
701 1466 793 1524 minus
806 1468 922 1525 noxium
936 1478 1094 1544 temperas·

63 1555 153 1609 asset.
178 1544 366 1606 consultante
383 1554 477 1607 autem
493 1546 552 1607 GN.
570 1547 709 1625 Pompeio
725 1546 761 1605 de
782 1546 884 1605 mediis
909 1566 943 1607 ao
966 1557 1095 1608 neutram

100 1639 209 1710 partem
226 1631 429 1710 sequentibus,
447 1631 526 1691 solus
543 1633 654 1691 censuit
668 1630 792 1692 hostium
803 1647 921 1689 numero
934 1630 1093 1691 habendos.

159 1714 287 1794 Reliquit
303 1714 389 1775 tilium
405 1715 536 1776 omnibus
549 1718 645 1792 gentis
664 1733 734 1777 suae
752 1712 855 1793 procul
876 1713 962 1774 dubio
979 1714 1122 1792 praelo-3

97 1800 225 1859 rendum.
247 1797 276 1857 Is
294 1800 368 1860 inter
390 1801 526 1861 conscios
548 1799 740 1861 Caesarianae
761 1799 842 1858 necis
866 1815 1035 1877 quamquam
1052 1800 1093 1858 in·

96 1901 166 1944 sons
186 1882 333 1943 damnatus
355 1884 422 1962 lege
444 1884 546 1963 Pedia,
569 1903 632 1944 cum
655 1884 690 1946 ad
716 1882 847 1945 Cassium
866 1882 1039 1963 Brutumque
1062 1901 1094 1941 se

58 1991 87 2032 ao
97 1985 261 2047 proprnqua
277 1967 331 2027 sibi
346 1970 520 2045 cognatione
535 1970 649 2029 iunctos
665 1968 847 2045 contulisset,
865 1976 931 2046 post
946 1969 1094 2046 utriusque

94 2052 238 2112 interitum
256 2050 379 2110 classem
396 2051 463 2110 olim
482 2054 662 2112 commissam
681 2053 809 2128 retinuit,
829 2052 907 2112 auxit
919 2053 1020 2129 etiam,
1038 2070 1094 2111 nac

94 2136 150 2196 nisi
168 2133 297 2214 partibus
312 2134 417 2214 ubique
432 2136 596 2214 profligatis
609 2136 646 2197 ll.
670 2135 797 2195 Antonio
818 2143 922 2214 sponte
944 2144 973 2194 et
994 2137 1093 2212 ingen·

94 2221 132 2280 tis
148 2219 240 2278 meriti
256 2217 323 2280 loco
336 2217 467 2288 tradidit;
485 2219 623 2299 solusque
640 2220 762 2279 omnium
778 2238 814 2278 ex
826 2221 876 2295 iis,
894 2220 941 2296 qni
950 2220 1011 2297 pari
1025 2218 1094 2294 lege

95 2303 218 2364 damnati
243 2311 342 2380 erant,
368 2304 517 2363 restitutus
538 2304 566 2362 in
589 2305 724 2382 patriam,
753 2303 947 2381 amplissimos
966 2301 1094 2362 honores

57 2408 87 2448 as
96 2389 292 2468 percucurrit;
310 2405 345 2447 ac
357 2386 478 2448 subinde
490 2387 686 2464 redintegrata
698 2387 881 2447 dissensione
894 2385 987 2463 civili,
1001 2385 1095 2444 eidem

93 2471 222 2531 Antonio
239 2470 372 2547 legatus,
391 2470 516 2532 delatam
531 2470 585 2531 sibi
607 2490 742 2532 summam
759 2471 871 2550 imerii
893 2468 928 2529 ab
944 2472 995 2547 iis,
1022 2485 1094 2547 quos

95 2553 270 2632 Cleopatrae
284 2554 427 2634 pudebat,
444 2574 538 2635 neque
548 2557 700 2635 suscipere
711 2573 806 2634 neque
822 2572 960 2614 recusare
971 2554 1094 2615 lidenter

94 2647 217 2718 propter
236 2637 356 2700 subitam
378 2639 562 2701 valitudinem
581 2659 682 2718 ausus,
706 2640 817 2701 transiit
838 2638 873 2700 ad
888 2639 1050 2716 Augustum
1065 2644 1094 2695 et

93 2725 123 2782 in
135 2721 236 2783 diebus
251 2724 352 2802 paucis
365 2723 450 2802 obiit,
466 2724 603 2785 nonnulla
617 2727 722 2805 etipse
734 2723 1006 2802 infamiaaspersus.
1021 2721 1093 2782 Nam

57 2807 237 2872 saltatorius
254 2824 317 2867 eum
334 2806 479 2869 desiderio
495 2811 605 2870 amicae
623 2808 766 2870 Serviliae
785 2806 885 2869 Naidis
901 2808 1093 2884 transfugisse

94 2892 220 2952 iactavit.

155 2972 202 3035 En
216 2974 273 3034 hoc
283 2974 425 3035 Domitius
436 2976 580 3052 nascitur,
596 2993 680 3055 quem
693 2983 855 3054 emptorem
869 2974 994 3034 familiae
1007 2988 1093 3050 pecu·
1105 2979 1122 3032 4

93 3058 217 3137 niaeque
235 3060 263 3118 in
278 3066 448 3118 testamento
464 3059 591 3136 Augusti
604 3059 695 3118 luisse
710 3075 779 3119 mox
793 3058 883 3135 vulgo
895 3065 1023 3118 notatum
1040 3062 1093 3130 est,

94 3159 153 3203 non
168 3143 259 3202 minus
273 3142 422 3221 aurigandi
442 3151 504 3202 arte
521 3143 550 3202 in
566 3141 764 3203 adulescentia
781 3141 877 3203 clarus
894 3157 977 3220 quam
991 3135 1094 3197 deinde

58 3228 268 3290 adornamentis
283 3225 502 3306 triumphalibus
518 3245 556 3287 ex
575 3225 747 3287 Germanico
769 3225 860 3287 bello.
889 3228 999 3284 Verum
1015 3237 1094 3281 arro·

94 3327 185 3389 gans,
201 3311 352 3390 profusus,
376 3312 490 3372 immitis
506 3328 659 3371 censorem
672 3310 703 3370 L.
721 3309 858 3371 Plancum
876 3312 922 3368 via
938 3305 992 3366 sibi
1008 3304 1093 3365 dece·

95 3392 164 3454 dere
178 3393 280 3455 aedilis
297 3397 409 3475 coegit;
437 3405 591 3476 praeturae
614 3394 838 3473 consulatusque
853 3393 965 3452 honore
982 3390 1093 3469 equites

92 3476 130 3538 R.
156 3487 358 3544 matronasuue
386 3480 421 3536 ad
447 3480 588 3544 acuendum
613 3479 725 3540 mimum
750 3476 886 3538 produxit
907 3477 933 3535 ir
950 3491 1076 3534 ucaeuan¹
