2334 3870
154 185 265 233 XXXVI
496 182 705 232 PRAEFATIO.

155 350 185 402 nl
198 346 248 418 qui
262 375 302 385 -
327 343 458 416 obliqaret
473 373 516 385 -
543 349 570 400 et
592 344 772 401 descenderit.
818 343 866 402 Sic
894 340 967 400 enim
988 341 1068 401 libri.

156 429 233 498 Quae
255 429 381 501 exempla
398 446 431 485 eo
449 428 581 484 libentius
598 429 749 499 congessi,
771 429 844 500 qnod
868 426 1002 485 nonnulla
1023 433 1070 484 te-

155 530 232 571 more
254 514 282 568 in
305 514 358 568 lnac
374 529 483 585 quoque
507 513 632 569 editione
655 513 690 569 nd
709 513 836 584 regulam
854 513 923 569 artis
937 517 1070 570 correcta

156 603 228 655 sunt.

217 682 248 738 ln
271 681 499 755 orthographicis
515 683 600 739 rebus
623 700 678 739 non
693 682 837 752 vulgarem
860 681 996 737 rationem
1015 681 1070 737 ob-

155 767 279 838 servavi,
295 772 326 822 ut
338 774 444 823 certum
460 766 580 839 aliquem
593 767 735 823 scribendi
748 766 857 822 modum
870 765 916 822 vol
929 764 1071 821 vetustio-

155 869 214 909 rem
231 853 278 909 vel
293 852 481 907 recentiorem
504 851 644 908 mordicus
660 851 811 907 retinerem
832 855 860 906 ct
880 848 1071 920 ludimagistri

155 936 245 994 instar
258 952 311 1008 per
325 942 411 992 lotam
426 935 576 992 editionem
597 935 768 991 inculcarem
784 929 855 1008 (hoo
876 933 949 989 eninr
968 934 1071 1004 legen-

156 1020 232 1078 tibus
250 1020 462 1091 relinquendum
478 1021 566 1088 duco,
588 1020 635 1090 qui
651 1018 785 1089 quidquid
802 1018 901 1074 oculos
917 1017 1071 1074 offenderit

156 1105 306 1162 emendare
322 1103 433 1159 scilicet
447 1098 592 1177 poterunt)
607 1103 658 1158 sed
672 1101 777 1174 ubique
793 1102 928 1158 librorum
943 1101 1072 1158 auotori-

155 1190 206 1246 tati
229 1189 381 1244 obsecutus
403 1202 472 1242 sum.
518 1185 625 1253 Quodsi
647 1187 746 1256 negari
767 1203 823 1242 non
844 1192 957 1258 potest,
986 1202 1072 1243 unum

155 1272 329 1342 eundemque
344 1270 511 1343 scriptorem
525 1270 598 1327 intra
615 1270 695 1325 nnius
710 1271 833 1343 paginae
852 1270 971 1343 spatium
987 1271 1072 1326 deum

156 1361 185 1413 et
201 1356 332 1425 deorum,
351 1356 519 1426 venenarium
540 1361 569 1411 et
588 1356 808 1426 centipoliornm,
828 1355 925 1427 quibus
947 1360 975 1410 ct
997 1358 1071 1427 quea,

155 1439 239 1497 nerim
264 1445 293 1497 et
314 1440 407 1511 codic,
428 1444 484 1495 tres
505 1446 533 1496 et
552 1443 618 1512 tras,
641 1445 731 1495 vetere
752 1445 781 1496 et
801 1440 897 1509 neten,
917 1439 1021 1494 dextra
1043 1446 1073 1496 et

155 1526 283 1595 molera,
290 1525 448 1580 adolescere
463 1525 683 1580 etcdnlesoenles
699 1531 727 1581 et
737 1525 820 1581 multa
837 1523 938 1580 similia
952 1524 988 1580 ad
996 1523 1073 1580 idem

155 1611 313 1682 exemplum
337 1609 505 1681 scripsisse,
528 1609 625 1679 quidni
649 1614 748 1664 nactus
763 1624 876 1679 qnoque
897 1614 925 1664 et
938 1615 1070 1679 nanctus,

154 1695 206 1750 sed
219 1699 248 1748 et
259 1699 317 1762 set,
335 1694 448 1764 conlepc
465 1697 494 1747 at
508 1694 664 1764 omimium,
684 1691 803 1764 adferre
822 1699 850 1748 et
866 1693 977 1763 allatus,
996 1709 1070 1749 eom-

151 1778 257 1850 paravi
269 1782 298 1831 et
312 1781 520 1848 conponantur,
537 1778 649 1832 coloniis
667 1782 696 1832 et
710 1778 829 1847 colonis,
851 1777 913 1832 obiit
928 1783 956 1832 et
971 1778 1026 1833 onir
1041 1784 1072 1834 el

156 1858 369 1918 innumerabilia
385 1859 414 1915 id
431 1876 519 1930 genus
537 1860 592 1917 alia
611 1861 685 1917 idem
703 1861 825 1933 scriptor
844 1861 1006 1932 admiserit,
1021 1863 1072 1920 vel

156 1944 271 2002 auribus
291 1943 337 2000 vel
358 1943 466 2000 iudicio
482 1945 528 2000 vel
551 1946 628 2001 casui
648 1937 867 2019 obtemperans?
890 1946 956 2003 Nam
972 1946 1069 2003 admo-

67 2091 69 2095 ,
157 2030 219 2086 dum
236 2045 325 2100 panca
342 2027 369 2083 in
384 2027 427 2084 his
444 2029 528 2084 rebus
546 2030 649 2085 scimus
665 2036 693 2086 et
707 2031 788 2103 plura
804 2031 932 2087 discendi
949 2030 1072 2088 facultas

155 2113 258 2170 tamdiu
275 2113 402 2186 adempta
420 2112 482 2183 erit,
502 2114 631 2185 quamdiu
648 2121 854 2186 consequentes
872 2132 953 2184 esse,
970 2122 1003 2171 ut
1015 2115 1072 2172 lno-

156 2198 256 2254 dierno
272 2198 361 2254 verbo
376 2204 456 2267 utar,
472 2198 501 2254 id
517 2206 561 2255 est
575 2200 725 2273 opiniones
742 2205 770 2254 et
787 2199 961 2271 praeiudicia
976 2199 1073 2272 sequi,

159 2299 238 2355 quam
263 2288 429 2340 vetustatem
459 2284 610 2355 explorare
638 2285 779 2340 molemus.
823 2282 974 2355 Numquam
1002 2300 1074 2357 per-

158 2374 256 2442 specta
274 2374 352 2424 esset
372 2366 489 2424 Notkeri
512 2375 540 2424 et
559 2368 782 2440 sangallensium
803 2366 852 2424 illa
874 2369 991 2439 regula,
1014 2384 1072 2440 qua

82 2487 84 2490 -
158 2453 240 2508 modo
252 2453 373 2508 bruodar
385 2452 481 2507 donner
490 2457 544 2523 pot,
554 2454 637 2508 modo
647 2452 775 2523 praeder
785 2451 872 2508 tenter
885 2458 929 2508 cot
942 2451 1073 2525 scripse·

157 2541 231 2604 runt,
246 2534 301 2590 nisi
316 2551 419 2590 summa
436 2551 496 2590 cum
513 2536 566 2591 fide
580 2552 676 2592 eorum
690 2536 796 2608 scripta
812 2551 947 2610 expresse
961 2542 1070 2594 essent.

157 2617 207 2672 Est
230 2619 318 2689 igitur
338 2619 518 2674 vehementer
541 2621 705 2692 optandum,
733 2627 763 2674 nl
787 2622 896 2677 tandem
916 2620 1072 2693 aliquando

156 2702 268 2774 puerile
288 2701 358 2757 illud
376 2705 595 2774 consequentiae
615 2705 735 2760 studium
757 2705 853 2762 valere
871 2706 1016 2762 iubeamus
1040 2711 1073 2761 ct

157 2786 208 2841 lies
230 2801 341 2858 quoque
364 2786 494 2843 minutias
519 2789 554 2844 ad
576 2789 665 2844 libros
693 2789 846 2861 exigamus.
890 2788 1071 2846 Fidissimuoa

158 2869 256 2925 docem
274 2871 407 2927 habemus
423 2871 450 2926 in
463 2872 600 2928 Suetonio
616 2869 805 2931 Memmianum
823 2873 966 2945 codicem,
986 2873 1070 2930 cuius

158 2954 378 3027 orthographica
389 2957 563 3012 consuetudo
580 2957 615 3013 nd
627 2957 716 3014 libros
728 2959 925 3032 palimpsestos
937 2958 1070 3031 proxime

159 3037 283 3103 nocedim
304 3055 366 3094 cnm
381 3040 467 3110 igitur
485 3040 600 3112 ducem,
622 3042 788 3115 ubicumque
803 3042 864 3101 lleri
877 3037 1007 3116 posse²⁸)
1022 3042 1070 3099 ri·

159 3149 360 3163 α--ηιυ--ι

227 3200 273 3264 25)
293 3198 371 3266 Sequi
387 3203 458 3254 nolui
479 3206 504 3256 in
520 3215 607 3273 aperte
621 3205 696 3260 falsis
709 3215 739 3260 ul
754 3211 897 3271 Μῶα,
918 3207 987 3273 qnod
1006 3207 1071 3258 Nie-

186 3285 224 3320 ..ιτ
240 3269 371 3337 probavit,
389 3274 486 3325 nummi
501 3276 650 3342 lapidesque
667 3278 795 3329 damnent.
832 3277 971 3341 admittere
986 3291 1068 3328 ausus

168 3352 209 3389 ron
232 3353 301 3401 sum,
323 3339 432 3394 lomense
450 3344 556 3408 iniuria,
573 3345 752 3399 triaooerolem
768 3346 894 3398 Hrinnmn
910 3344 1027 3396 Hrodnm
1041 3352 1069 3398 et

170 3407 287 3467 laodice:
306 3411 343 3462 sic
363 3411 475 3464 enimin
496 3415 647 3468 Memmiano
666 3417 772 3481 alliaque
793 3417 864 3468 libris
884 3414 1007 3484 scriptum
1024 3430 1069 3466 re-

162 3477 237 3524 mmio,
254 3479 295 3516 tani
314 3480 390 3520 iidem
404 3483 516 3520 olam-m
548 3484 640 3520 ”hanun
674 3486 798 3524 ’bardanem
828 3487 895 3528 andita
907 3500 977 3524 mor*
991 3497 1068 3536 'pm-
