2286 3862
116 180 178 243 232
199 191 229 241 c.
248 184 900 248 aunuon1uaauo.ouv1uaomassum
911 187 987 237 nna.
1000 188 1076 238 vru.

80 355 113 411 lt
183 345 362 407 Offensarum
379 343 643 422 inimicitiarumque
659 340 774 402 minime
793 358 905 402 memor
925 353 1114 427 executum,

116 424 1114 507 Vitelliibostissuililiamspendidissimemaritavitdotaritqneetiam

117 525 145 577 et
155 514 298 574 instruxit.
325 509 481 591 Trepidum
495 528 558 570 eum
573 509 728 571 interdicta
742 509 807 570 aula
824 508 877 571 snb
892 507 1016 574 Nerone
1030 532 1114 594 qnae·

116 607 294 676 rentemque,
313 593 445 675 quidnam
461 601 564 672 ageret
579 602 627 654 aut
641 611 698 674 quo
714 592 818 671 abiret,
835 592 952 672 quidam
962 598 1112 659 sacilinio

117 668 298 744 admissionis
316 679 398 740 simul
414 677 578 758 expellens,
596 675 686 739 abire
699 675 901 740 Morbouiam
919 678 1046 741 innomi.
1073 682 1133 745 luc

116 768 191 828 bunc
203 773 306 843 postea
323 762 529 843 deprecantem
545 761 620 822 baud
633 762 708 822 ultra
721 762 812 822 verba
828 760 998 842 excanduit,
1010 773 1038 825 et
1051 767 1104 846 qni·

117 851 182 912 dem
192 848 310 910 totidem
325 848 389 908 iere
404 854 492 926 atque
508 844 618 906 eadem.
646 845 718 907 Nam
732 854 762 905 ut
775 846 948 926 suspicione
961 847 1057 928 aliqua
1066 849 1112 908 uel

117 941 194 994 metu
208 932 244 993 ad
260 933 421 1013 perniciem
437 933 605 1009 cuiusquam
618 929 844 1010 compelleretur
854 938 969 991 tantum
984 930 1065 1010 aluit,
1078 941 1114 1011 ut,

117 1017 299 1078 monentibus
329 1017 429 1077 amicis
456 1013 615 1075 cauendum
638 1033 706 1075 esse
730 1014 859 1075 Mettium
880 1013 1114 1096 Pompusianum

119 1100 196 1181 quod
211 1101 300 1179 uolgo
317 1099 485 1158 crederetur
502 1101 634 1174 genesim
649 1098 758 1159 babere
781 1098 1024 1178 imperatoriam,
1047 1102 1140 1162 insu-u

119 1204 173 1264 per
190 1183 339 1243 consulem
357 1182 470 1259 iecerit,
491 1181 637 1261 spondens
653 1181 827 1261 quandoque
849 1182 995 1244 benedcii
1016 1201 1114 1245 memo

117 1285 179 1327 rem
196 1266 329 1326 iuturum.
917 1292 920 1297 ·

78 1376 109 1428 15
177 1349 242 1410 Non
257 1359 368 1410 temere
384 1350 448 1429 quis
464 1349 579 1428 punitus
594 1350 695 1409 insons
709 1349 891 1429 reperietur,
915 1351 975 1411 nisi
1000 1352 1113 1414 absente

119 1453 155 1495 eo
172 1445 201 1495 et
215 1437 318 1513 ignaro
330 1444 378 1494 aut
391 1442 471 1494 certe
483 1434 572 1493 invito
588 1441 674 1512 atque
685 1432 821 1512 decepto.
847 1432 991 1497 llelvldio
1006 1435 1112 1513 Prisco,

119 1521 166 1598 qui
184 1528 213 1578 et
226 1536 375 1579 reversum
390 1535 423 1578 se
439 1535 477 1577 ex
492 1517 575 1592 Syria
590 1517 671 1577 solus
694 1518 807 1596 priuato
826 1517 943 1579 nomine
960 1519 1136 1600 Vespasia-u

117 1622 183 1662 num
198 1602 374 1663 salutauerat
389 1603 461 1661 etin
482 1610 617 1680 praetura
639 1599 770 1660 omnibus
793 1599 896 1661 edictis
920 1603 989 1663 sine
1008 1603 1114 1665 bonore

119 1704 154 1746 ac
167 1687 312 1747 mentione
329 1686 387 1745 ulla
403 1684 611 1760 transmiserat,
630 1701 687 1744 non
703 1693 769 1745 ante
785 1687 954 1746 succensuit
978 1705 1066 1768 qnam
1079 1689 1113 1748 al·

118 1769 327 1830 tercationibus
352 1767 585 1828 insolentissimis
616 1786 709 1848 paene
743 1769 772 1827 in
803 1768 934 1830 ordinem
971 1771 1113 1835 redactus.

117 1854 201 1914 Hunc
217 1869 348 1930 quoque,
367 1851 496 1928 quamvis
510 1850 672 1927 relegatum
687 1852 795 1929 primo,
816 1851 921 1913 deinde
941 1863 975 1914 et
996 1854 1114 1917 interdci

118 1940 235 2010 iussum,
254 1936 350 2011 magni
366 1933 526 1993 aestimauit
542 1952 661 1994 seruare
679 1953 796 2014 quoquo
820 1936 925 2014 modo,
947 1940 1050 2000 missis
1072 1940 1139 2019 quia

120 2033 311 2097 percussores
325 2026 513 2086 revocarent;
536 2026 565 2077 et
578 2028 742 2099 servasset,
765 2021 819 2080 nisi
834 2021 891 2081 iam
906 2023 1028 2100 perisse
1043 2023 1115 2085 ialso

118 2102 307 2161 renuntiatum
331 2108 419 2161 esset.
464 2099 599 2162 Ceterum
623 2120 718 2181 neque
746 2103 837 2165 caede
862 2107 1036 2185 cuiusquam
1062 2125 1115 2167 um·

120 2205 204 2265 quarn
218 2186 235 2224 *
251 2186 331 2245 iustis
347 2183 498 2264 suppliciis
513 2186 705 2246 inlacrimauit
719 2188 805 2248 etiam
821 2196 850 2248 et
864 2190 1019 2266 ingemuit.

79 2297 111 2352 15
180 2271 249 2331 Sola
273 2279 331 2347 est,
354 2272 382 2328 in
400 2287 455 2348 qua
486 2272 588 2330 merito
616 2270 764 2350 culpetur,
792 2274 933 2351 pecuniae
961 2273 1115 2354 cupiditas.

118 2352 184 2415 Non
199 2356 273 2415 enim
293 2363 444 2414 contentus
460 2355 567 2414 omissa
582 2354 634 2414 sub
649 2353 740 2416 Galba
764 2356 922 2435 uectigalia
941 2376 1140 2436 revocassent

119 2458 193 2499 nova
209 2447 237 2498 et
251 2439 352 2516 gravia
368 2436 529 2515 addidisse,
545 2439 661 2499 auxisse
678 2439 785 2500 tributa
802 2441 979 2520 provinciis,
995 2442 1115 2503 nonnul·

120 2522 156 2581 lis
170 2531 200 2581 et
214 2522 390 2600 duplicasse,
407 2523 622 2599 negotiationes
638 2540 754 2602 quoque
768 2525 817 2584 uel
833 2526 946 2604 priuato
964 2525 1115 2606 pudendas

119 2605 269 2682 propalam
282 2607 423 2680 exercuit,
436 2604 596 2667 coemendo
609 2606 875 2685 quaedam,tantum
885 2617 915 2669 ut
926 2609 1021 2689 pluris
1035 2618 1114 2691 post·

120 2705 154 2746 ea
177 2686 359 2748 distraheret.
399 2687 444 2747 Ne
462 2688 617 2749 candidatis
639 2691 753 2767 quidem
775 2691 921 2770 honores,
942 2695 1046 2754 reisue
1060 2704 1114 2754 tam

119 2771 244 2830 innoxiis
266 2789 349 2849 quam
370 2772 542 2831 nocentibus
567 2773 766 2835 absolutiones
787 2775 936 2837 venditare
961 2786 1139 2840 cunctatusa

120 2863 174 2914 est.
205 2851 338 2914 Creditur
353 2857 438 2916 etiam
454 2866 674 2934 procuratorum
685 2861 903 2940 rapacissimum
919 2879 1068 2942 quemque
1081 2862 1114 2923 ad

120 2937 260 3018 ampliora
276 2938 373 3000 cilicia
389 2959 426 2999 ex
445 2938 583 3001 industria
606 2941 709 3003 solitus
736 2961 928 3023 promovere,
950 2963 1009 3026 quo
1033 2946 1112 3008 locu·

120 3023 261 3102 pletiores
276 3040 344 3082 mox
363 3023 582 3096 condemnaret;
600 3026 704 3105 quibus
720 3028 835 3107 quidem
848 3029 940 3107 volgo
958 3047 1014 3109 pro
1023 3048 1112 3111 spon·

119 3109 184 3185 geis
199 3106 347 3167 dicebatur
362 3110 417 3186 uti,
440 3107 515 3188 quod
530 3111 613 3188 quasi
629 3120 658 3170 et
672 3113 769 3172 siccos
790 3111 988 3174 madefaceret
1011 3123 1042 3175 et
1065 3133 1113 3176 ex·

120 3194 257 3270 primeret
271 3193 403 3252 umentis.

182 3275 302 3353 Quidam
317 3284 416 3335 natura
435 3276 647 3355 cupidissimum
662 3277 785 3354 tradunt,
804 3280 890 3359 idque
904 3282 1115 3361 exprobratum

119 3361 146 3417 ei
162 3379 177 3421 a
195 3379 264 3421 sene
282 3359 417 3437 bubulco,
435 3362 496 3438 qui,
515 3371 620 3438 negata
637 3362 693 3422 sibi
707 3364 831 3440 gratuita
847 3362 1002 3443 libertate,
1029 3384 1114 3445 quam

115 3442 265 3525 imperium
281 3444 414 3523 adeptum
430 3443 600 3523 suppliciter
613 3445 723 3524 orabat,
742 3446 979 3528 proclamaverit,
989 3451 1115 3531 culpent
