2286 3862
230 211 510 262 nuounmuosou
529 213 711 264 nsssoanu
731 216 932 278 nnnroussu.
1025 202 1087 266 cot

87 389 195 450 equus,
211 368 321 429 irnctus
337 366 458 428 alicuius
472 367 531 435 rei;
553 368 592 429 ita
608 369 730 430 alterum
747 370 783 430 ad
805 378 940 450 parentes
962 371 1089 451 pertinet

87 464 117 515 et
132 455 167 514 ad
189 455 232 512 ius
249 450 422 527 liberorum,
439 451 560 511 alterum
576 452 612 513 ad
626 454 823 532 possessionis
838 453 970 514 fructum.

149 536 227 597 luter
241 536 393 597 terminum
409 543 438 594 et
454 533 551 613 linem}
575 538 712 598 terminus
728 547 774 598 εει
789 538 866 617 loci,
892 537 954 598 flnis
971 537 1030 610 ren
1059 545 1089 598 et

87 622 222 681 terminus
237 619 331 680 dictus
348 628 393 678 εει
407 617 443 678 ab
459 636 496 678 eo
513 619 590 698 quod
605 623 687 700 quasi
698 631 804 684 terram
816 623 932 698 minuat,
947 621 1011 681 linis
1024 629 1088 701 pot·

60 714 131 765 test
147 721 216 764 esse
232 704 317 763 etiam
333 702 407 762 ultra
420 703 578 762 terminum.

147 786 269 862 Honos,
286 786 397 866 honor]
424 787 449 847 si
464 787 552 846 inerit
566 786 676 863 honos,
703 797 733 848 ut
754 805 846 869 nepos
865 788 918 849 dos
936 787 1088 866 sacerdos,

86 872 223 949 genetivo
239 887 308 930 casu
323 872 359 930 sit
372 869 504 946 bonotis,
521 879 552 930 ut
566 870 642 931 dotis
658 872 834 942 sacerdotis3
851 874 888 933 ita
903 873 1022 933 dicimus
1037 871 1090 932 bo·

86 971 140 1014 nor
158 963 187 1013 ut
203 953 304 1030 arbor,
321 954 439 1014 honoris
455 963 484 1013 ut
499 953 621 1014 arboris.

148 1037 227 1098 luter
247 1037 351 1098 fretum
374 1046 403 1096 ει
422 1037 520 1116 mare]
546 1039 649 1098 fretum
670 1045 714 1097 est
737 1040 849 1116 angusti
868 1040 955 1100 maris
977 1039 1089 1115 lauces,

45 1137 165 1181 romare
189 1130 234 1181 est
253 1130 355 1199 patens
376 1129 406 1180 et
428 1120 486 1180 late
510 1121 646 1189 effusum
670 1123 708 1182 ito
729 1123 807 1200 quod
823 1141 903 1182 mare
918 1132 1031 1183 estnon
1046 1131 1092 1182 εει

10 1250 12 1257 ,
86 1206 207 1280 iratum,
224 1205 302 1285 quod
318 1205 423 1264 fretum
437 1206 536 1284 ntique
551 1222 630 1266 mare
648 1214 702 1267 εει.

10 1362 12 1367 Ι
150 1287 229 1346 Inter
255 1286 428 1346 absconsum
455 1297 484 1347 ει
510 1288 723 1367 absconditum]
743 1289 932 1366 absconsum,
960 1291 984 1349 si
1010 1288 1090 1369 quic·

10 1381 13 1394 ’
89 1387 172 1449 quam
189 1377 218 1428 et
235 1367 347 1428 sublata
361 1370 579 1445 praepositione
594 1380 697 1448 posset
710 1388 776 1431 esse
789 1390 922 1440 consum;
939 1390 1014 1431 nunc
1027 1389 1091 1431 cum

90 1456 127 1513 sit
144 1450 303 1526 conditum,
325 1451 427 1511 melius
450 1460 511 1527 est,
535 1452 612 1529 qnod
633 1453 813 1513 etiamnunc
834 1463 933 1514 servat
950 1455 1092 1529 originem

53 1542 80 1584 ¹⁵
91 1555 184 1611 suam,
202 1534 411 1596 absconditum.

152 1618 231 1680 lntcr
248 1627 397 1698 potentem
419 1618 535 1680 divitem
558 1617 736 1698 locupletem
764 1620 954 1698 pecuniosum
976 1618 1093 1680 beatum

10 1692 18 1736 ¹
90 1715 119 1765 et
133 1703 323 1783 opulentum]
343 1712 449 1783 potens
474 1700 582 1762 viribus
606 1711 635 1762 et
656 1704 779 1781 imperio
804 1703 923 1778 dicitur,
957 1702 1091 1780 locuples

10 1777 18 1865 l
89 1788 240 1849 dicebatur
260 1787 337 1866 apud
367 1788 500 1866 antiquos
516 1786 564 1865 qui
579 1787 653 1847 locis
668 1786 798 1865 plurimis
815 1784 994 1862 abundabat,
1012 1786 1093 1846 dives

13 1870 21 1915 ¹
90 1873 213 1951 pecunia
228 1889 298 1931 auro
314 1882 343 1932 et
363 1880 483 1948 argento
499 1889 703 1932 annmmorum
721 1873 805 1950 copia
821 1870 925 1946 dictus,
942 1869 1094 1949 pecuniosi

10 1956 22 2004 t
53 1962 107 2016 coa
122 1954 279 2033 pecoribus
300 1956 368 2015 dicti
389 1954 500 2033 (facilis
527 1956 601 2014 enim
631 1964 693 2016 erat
712 1974 808 2015 rerum
827 1954 1008 2014 commutatio
1030 1972 1093 2014 cum

91 2038 135 2097 bis
156 2038 204 2115 qui
226 2055 261 2097 ea
279 2037 462 2116 habebant3)
485 2037 588 2097 beatus
610 2039 702 2101 animo
723 2041 787 2118 qui,
810 2038 921 2099 etiamsi
942 2056 1015 2117 opes
1035 2055 1094 2099 non

10 2142 25 2191 tt
91 2119 190 2197 babet,
201 2129 296 2180 tamen
311 2122 376 2200 qnia
392 2138 442 2180 eas
457 2138 514 2180 non
526 2120 683 2199 desiderat,
700 2121 805 2183 abhoc
820 2130 986 2200 contemptu
998 2121 1093 2201 quoad

10 2202 27 2275 :t
91 2205 212 2265 animum
225 2204 329 2265 beatus
343 2205 460 2274 dicitur;
474 2203 628 2282 opulentus
647 2215 692 2266 est
707 2207 755 2285 qui
769 2206 947 2283 indulgentia
961 2206 1094 2266 iortunao

91 2296 212 2368 propter
225 2289 346 2350 delicias
362 2288 467 2349 lentior
483 2296 543 2364 εει,
562 2289 629 2350 ideo
645 2290 798 2367 opulentus
815 2306 900 2369 opum
917 2288 1094 2368 indulgentia

26 2373 197 2432 ostentus.

10 2395 32 2535 ἒ
153 2453 232 2515 luter
249 2463 394 2534 pometum
409 2464 438 2516 et
452 2456 624 2535 pomarium]
643 2467 787 2535 pometum
803 2467 848 2518 est
862 2457 912 2517 ubi
935 2474 1020 2537 poma
1045 2474 1093 2517 no·

10 2566 30 2620 p
92 2548 227 2615 scuntur,
252 2541 410 2618 pomarium
430 2539 478 2600 ubi
498 2558 583 2619 poma
612 2550 809 2619 reponuntur,
837 2543 905 2601 item
933 2541 1094 2620 pomerium

13 2651 29 2702 p
92 2622 175 2683 locus
193 2624 271 2683 circa
286 2640 382 2683 muros
401 2632 447 2684 εει
461 2642 547 2686 sacer
563 2624 665 2684 dictus.

10 2736 26 2784 p
155 2706 233 2767 Inter
250 2707 310 2768 alas
333 2716 362 2767 et
382 2708 497 2787 pinnas]
519 2708 583 2769 alae
608 2717 674 2768 sunt
701 2709 805 2788 quibus
830 2709 935 2788 pinnac
961 2708 1092 2784 baerent,

10 2808 22 2865 p
54 2791 197 2868 sopinnae
213 2801 307 2851 autem
322 2792 351 2851 in
366 2793 429 2853 alis.
940 2850 943 2855 .

10 2916 18 2952 ,
154 2871 233 2932 luter
260 2873 347 2934 lintea
372 2885 400 2935 ει
421 2876 497 2956 lina}
522 2877 609 2938 linteo
629 2885 695 2936 sunt
722 2885 873 2954 contexta,
898 2876 978 2936 velut
998 2876 1093 2936 tunica

12 2966 17 3010 Γ
92 2955 251 3033 stragulum
266 2957 378 3034 velum,
398 2959 463 3042 lina
484 2977 558 3038 quae
582 2961 703 3036 singulis
719 2961 822 3038 positis
843 2959 899 3020 fllis
914 2960 1023 3022 habent
1042 2957 1092 3019 ali·

10 3118 12 3123 ,
93 3039 325 3120 quaintervalla.

154 3122 232 3183 Inter
255 3123 422 3185 cocliarrurn
443 3134 472 3186 et
497 3127 636 3205 cocliare]
669 3127 822 3189 cocliarins
844 3137 890 3189 εει
911 3129 960 3206 qui
976 3127 1093 3187 cocleas

53 3238 82 3280 35
94 3206 207 3285 vendit,
224 3207 360 3270 cocleare
377 3211 514 3289 estquod
530 3212 641 3271 utimur.

156 3289 234 3351 lnter
247 3294 374 3353 vinetum
391 3302 420 3354 et
436 3295 586 3374 vinarium]
615 3296 741 3356 vinetum
763 3306 810 3357 εει
824 3295 954 3357 ubi'vina
972 3296 1091 3355 nascun-

92 3385 153 3454 tur,
169 3377 308 3447 uinarlnm
324 3386 369 3437 est
386 3379 463 3459 qnod
482 3382 592 3440 utimur.

154 3458 288 3521 Firmiter
303 3471 333 3523 ει
348 3461 435 3523 firmis
453 3464 522 3526 nihil
538 3472 598 3543 est,
614 3463 711 3526 brmm
726 3473 757 3526 et
771 3464 852 3526 brme
864 3471 948 3610 rpptp
962 3461 1090 3524 dicimus.
