2286 3862
116 201 174 264 too
220 214 249 261 c.
263 212 412 261 suenoni
428 210 554 269 ummo.
571 211 617 256 nn
633 211 715 258 viru
731 209 914 260 consonum
928 212 1002 261 cis.
1016 213 1053 265 ν.

115 370 224 428 sionem
240 385 359 441 verens,
387 375 416 425 et
433 365 559 444 Appium
575 362 701 424 Caecum
724 381 892 442 censorem,
919 368 1045 442 generis
1071 370 1114 430 sni

115 460 332 532 proauctorem,
346 449 542 508 libertinorum
562 448 637 507 lilios
653 449 822 508 incenatum
836 448 985 526 adlegisse
1002 449 1112 529 docuit,

115 539 246 613 ignarus,
262 532 440 613 temporibus
454 532 533 611 llppi
545 541 573 592 et
584 531 723 611 deinceps
735 531 899 611 aliquandiu
911 532 1113 597 libertinos

115 620 208 680 dictos
233 636 290 678 non
313 620 413 696 ipsos,
436 618 484 696 qui
504 634 587 676 manu
608 617 818 693 emitterentur,
840 614 894 676 sed
913 617 1058 694 ingenuos
1072 638 1110 679 ex

115 703 160 763 his
174 709 355 785 procreatos.
371 699 507 777 Collegio
523 708 706 778 quaestorum
722 708 911 778 prostratura
927 701 1033 761 viarum
1045 702 1129 779 gla=e

116 787 265 848 diatorium
280 803 379 844 munus
396 785 515 843 iniunxit
530 783 717 860 detractaque
732 780 858 842 Ostiensi
874 791 904 842 et
918 782 1031 845 Gallica
1044 803 1105 864 pro·

116 872 228 946 vincia,
252 887 348 929 curam
363 870 455 928 aerari
473 867 586 927 Saturni
602 865 738 946 reddidit,
765 883 849 945 quarn
863 866 961 927 medio
978 876 1110 947 ternpore

119 963 270 1034 praetores
285 962 348 1028 aut,
365 954 404 1012 uti
421 969 511 1028 nunc,
528 960 661 1030 praetura
674 951 764 1010 iuncti
780 951 985 1010 sustinuerant.

178 1037 371 1117 Triumphalia
386 1044 551 1095 ornamenta
568 1035 682 1111 Silano,
699 1033 775 1094 filias
796 1052 865 1095 suae
882 1051 1016 1113 sponso,
1046 1053 1112 1097 non-

116 1122 181 1182 dum
204 1120 305 1199 puberi
326 1118 417 1193 dedit,
442 1116 597 1177 maioribus
619 1135 689 1177 vero
712 1125 779 1177 natu
801 1126 857 1178 tam
877 1117 973 1177 multis
998 1127 1142 1199 tamquem

115 1204 219 1279 lacile,
238 1212 267 1261 ut
283 1200 405 1281 epistula
422 1203 562 1259 communi
578 1201 724 1277 legionum
739 1203 853 1261 nomine
869 1202 1000 1263 extiterit
1014 1212 1113 1283 peten-

116 1288 199 1363 tium,
215 1294 244 1344 ut
261 1285 365 1361 legatis
381 1283 579 1344 consularibus
594 1284 676 1344 simul
694 1303 757 1346 cum
774 1286 905 1346 exercitu
917 1287 1113 1368 ettriumpha·

116 1371 154 1432 lia
170 1369 316 1447 darentur,
333 1386 369 1428 ne
385 1385 497 1429 causam
512 1368 581 1429 belli
599 1369 818 1448 quoquomodo
834 1380 1021 1449 quaererent.
1039 1370 1113 1432 Aulo

116 1454 227 1515 Plautio
248 1455 332 1513 etiam
347 1455 509 1512 ovationem
528 1452 658 1513 decrevit
675 1455 867 1534 ingressoque
883 1453 984 1514 urbem
999 1455 1112 1516 obviem

117 1534 309 1618 progressus,
331 1546 360 1597 et
379 1539 407 1596 in
424 1535 595 1616 Capitolium
611 1539 688 1596 eunti
708 1546 737 1596 et
752 1537 817 1598 inde
838 1557 939 1599 rursus
954 1541 1140 1600 revertentiu

117 1624 190 1683 latus
209 1623 289 1681 texit.
325 1620 443 1683 Gabinio
460 1621 609 1698 Secundo,
636 1619 759 1681 Cauchis
773 1631 861 1700 gente
879 1621 1054 1684 Germanica
1071 1642 1113 1682 su-

118 1707 242 1786 peratis,
260 1722 423 1782 cognomen
439 1703 581 1764 Cauchius
596 1723 736 1783 usurpare
754 1708 909 1767 concessit.

75 1808 109 1862 25
177 1789 328 1868 Equestris
346 1788 458 1848 militias
474 1789 513 1848 ita
536 1788 694 1865 ordinavit,
719 1799 748 1849 ut
765 1799 833 1869 post
855 1790 1011 1852 cohortem
1033 1791 1111 1867 dam,

119 1882 185 1952 post
206 1872 279 1930 elam
305 1869 475 1930 tribunatum
497 1871 622 1948 legionis
642 1872 739 1943 daret;
770 1874 969 1954 stipendiaque
995 1876 1112 1936 instituit

118 1965 147 2015 et
161 1955 344 2030 imaginariae
359 1953 476 2015 militiae
489 1972 597 2032 genus,
620 1957 697 2034 quod
717 1967 838 2017 vocatur
859 1976 969 2036 supra
991 1975 1139 2018 nume-u

117 2055 203 2114 rum,
223 2054 279 2114 quo
296 2037 432 2097 absentes
441 2048 469 2098 et
481 2039 562 2098 titulo
575 2049 658 2099 tenus
672 2041 870 2118 iungerentur.
885 2041 994 2103 hlilites
1011 2043 1112 2104 domos

118 2122 277 2181 senatorias
288 2120 425 2182 salutandi
439 2141 524 2183 causa
538 2124 650 2201 ingredi
662 2126 745 2184 etiam
757 2134 868 2204 patrum
880 2125 1002 2187 decreto
1016 2126 1112 2206 prohi-

117 2205 186 2266 buit.
207 2205 384 2282 Libertinos,
403 2209 450 2285 qui
462 2225 493 2266 se
505 2224 559 2287 pro
579 2207 765 2287 equitibusli.
784 2219 921 2287 agerent,
943 2209 1111 2289 publicavit.

117 2289 251 2367 Ingratos
268 2299 296 2350 et
313 2290 466 2369 dequibus
482 2293 595 2370 patroni
607 2302 795 2371 quererentur
808 2296 962 2354 revocavit
976 2296 1007 2354 in
1023 2288 1111 2356 se'rvi·

116 2384 203 2435 tutem
220 2374 425 2454 advocatisque
441 2394 540 2435 eorum
551 2380 683 2454 negavit,
700 2395 732 2436 se
746 2377 1020 2440 adversuslibertos
1035 2381 1140 2459 ipso-c

116 2478 177 2518 rum
193 2460 237 2518 ius
253 2458 401 2518 dicturum.
429 2458 500 2519 Cum
517 2461 631 2539 quidam
645 2479 734 2537 aegra
751 2470 780 2521 et
795 2462 909 2523 adiecta
925 2464 1071 2543 mancipia
1086 2465 1112 2522 iu

117 2542 236 2602 insulam
256 2541 425 2622 Aesculapii
449 2544 545 2604 taedio
567 2544 699 2604 medendi
723 2556 919 2625 exponerent,
946 2547 1112 2626 omnesqui

118 2633 333 2701 exponerentur
352 2626 462 2686 liberos
492 2646 559 2687 esse
582 2630 694 2704 sanxit,
723 2647 778 2690 nec
799 2630 895 2691 redire
917 2633 945 2690 in
967 2630 1113 2692 dicionem

117 2705 238 2783 domini,
256 2708 280 2766 si
296 2709 525 2780 convaluisseut;
559 2711 675 2789 quodsi
697 2716 761 2792 quis
780 2733 887 2776 necare
908 2732 993 2793 quem
1014 2714 1113 2777 mallet

117 2808 199 2868 quam
214 2808 380 2869 exponere,
398 2792 496 2853 caedis
513 2795 628 2854 crimine
643 2800 743 2856 teneri.
767 2800 903 2860 Viatores
923 2817 960 2859 ue
982 2816 1040 2878 per
1058 2799 1142 2860 lta-to

116 2874 172 2934 liae
189 2874 296 2954 oppida
319 2878 374 2936 nisi
395 2887 443 2937 aut
459 2877 579 2956 pedibus
600 2890 647 2939 aut
669 2882 742 2941 sella
762 2893 809 2943 aut
824 2883 929 2944 lectica
944 2885 1112 2960 transirent,

116 2959 223 3018 monuit
239 2959 343 3020 edicto.
361 2962 490 3023 Puteolis
504 2971 532 3022 et
546 2963 645 3024 Ostiae
661 2967 789 3043 singulas
806 2967 943 3029 cohortes
959 2966 995 3028 ad
1011 2985 1112 3028 arcen-

117 3043 169 3103 dos
184 3043 378 3105 incendiorum
394 3065 479 3107 casus
495 3046 661 3108 collocavit.

179 3128 354 3206 Peregrinae
373 3131 543 3191 conditionis
560 3133 691 3193 homiues
714 3136 802 3194 vetuit
820 3152 961 3213 usurpare
979 3135 1112 3197 Romana

116 3213 229 3272 nomina
242 3213 305 3273 dum
317 3223 394 3275 taxat
403 3215 559 3293 gentilicia.
574 3214 724 3277 Civitatem
732 3219 768 3278 R.
781 3226 953 3297 usurpantes
965 3219 994 3278 in
1006 3235 1111 3300 campo
1120 3242 1142 3284 as

116 3293 265 3372 Esquilino
283 3301 378 3358 securi
400 3302 553 3378 percussit.
581 3300 750 3361 Provincias
771 3301 909 3363 Achaiam
931 3301 1111 3365 ethlacedo·

116 3377 207 3453 nium,
235 3399 305 3459 ques
326 3382 459 3443 Tiberius
486 3383 521 3443 ad
549 3402 645 3444 curam
669 3403 749 3445 suam
771 3387 970 3464 transtulerat,
997 3387 1111 3450 senatui

116 3459 246 3522 reddidit.
279 3464 374 3543 Lyciis
392 3467 429 3527 ob
446 3466 607 3526 exitiabiles
625 3469 698 3528 inter
713 3488 746 3528 se
764 3469 923 3532 discordias
945 3469 1110 3534 lihertatem
