2334 3870
426 198 532 246 orvus
551 198 664 248 riuus.
698 190 701 203 “
983 187 1045 249 237

60 365 213 419 statuarum
229 363 257 414 ct
271 352 423 429 imaginum
439 353 500 414 eius
513 352 691 414 multitudine
706 370 742 414 ac
759 354 846 414 titulis
868 371 921 432 per
942 363 1044 414 utram·

61 459 117 521 que
132 439 318 519 provinciam.

122 525 191 585 Post
204 519 348 602 stipendia
363 519 429 579 loro
446 536 564 599 operam
579 520 666 599 dedit,
680 520 833 581 honestam
853 521 945 597 magis
962 537 1045 599 quam

59 609 216 685 assiduam,
239 603 400 682 eodemque
419 612 551 683 tempore
580 606 750 668 Arrecinam
767 602 941 679 Tertullam,
964 612 1045 681 patre

36 702 104 773 5eq.
125 694 161 753 ll.
185 690 238 750 sed
260 687 412 768 praelecto
435 686 577 765 quondam
605 689 849 767 praetorianarum
876 685 1046 763 cohortium,

57 778 138 838 duxit
153 790 274 834 uxorem
286 781 315 831 et
326 772 353 829 in
366 771 519 832 deiunctae
531 770 626 832 locum
636 772 772 833 Marciam
782 771 939 833 Furnillam
951 769 1047 849 splen-

58 860 114 921 didi
129 859 262 939 geqeris;
279 873 342 916 cum
358 874 424 933 qua,
439 854 552 915 sublata
567 855 634 931 lilia,
650 854 801 916 divortium
815 856 895 916 iecit.

122 942 168 1002 Ex
191 949 363 1019 quaesturae
379 938 483 999 deinde
497 938 610 998 honore
625 938 736 1015 legioni
753 940 954 1018 praepositus,
969 937 1048 999 Tari-

59 1028 146 1086 cheas
162 1035 191 1084 et
206 1023 349 1086 Gamalam
365 1023 452 1082 urbes
468 1021 594 1082 ludacae
612 1021 802 1084 validissimas
823 1023 851 1080 in
877 1030 1050 1100 potestatem

22 1126 48 1167 ao
58 1110 185 1188 redegit,
208 1124 283 1187 equo
307 1107 428 1186 quadam
449 1106 514 1167 acie
533 1105 585 1165 suh
602 1106 756 1167 feminibus
771 1107 878 1166 amisso
898 1104 1050 1183 alteroque

57 1196 203 1268 inscenso,
221 1193 301 1251 cuius
319 1200 418 1251 rector
436 1193 515 1250 circa
531 1208 564 1249 sc
582 1189 720 1251 dimicans
736 1191 924 1250 occubuerat.

118 1276 209 1336 Galba
223 1293 292 1333 mox
306 1282 423 1334 tenente
439 1293 500 1334 rem
519 1291 547 1351 p.
565 1277 668 1335 missus
684 1273 720 1334 ad
740 1273 953 1352 gratulandum,
980 1290 1048 1352 qua·
1064 1279 1080 1332 5

59 1378 115 1439 qua
135 1361 190 1416 iret
212 1357 354 1414 convertit
373 1358 524 1429 homines,
548 1359 629 1433 quasi
652 1358 815 1435 adoptionis
839 1359 933 1434 gratia
953 1374 1050 1416 arces·

60 1449 182 1503 seretur.
233 1437 291 1497 Sed
320 1437 368 1495 uhi
390 1437 497 1495 turbari
520 1455 619 1496 rursus
643 1447 746 1497 cuncta
774 1442 880 1516 sensit,
913 1438 987 1497 redit
1015 1457 1052 1496 ex

26 1541 51 1582 rs
62 1527 182 1599 itinere,
199 1522 335 1601 aditoque
350 1518 478 1598 Paphiae
495 1521 619 1578 Veneris
634 1520 769 1596 oraculo,
793 1520 858 1579 dum
876 1521 912 1579 de
934 1521 1051 1594 naviga·

62 1613 139 1670 tione
155 1605 296 1681 consulit,
314 1605 399 1663 etiam
415 1601 450 1663 de
466 1603 579 1681 imperii
596 1621 650 1682 spe
671 1602 855 1662 confirmatus
877 1611 930 1662 cst.
966 1600 1053 1662 Cuius

61 1695 142 1753 hreni
161 1706 298 1769 compos,
319 1687 400 1748 etad
417 1686 637 1766 perdomandam
652 1684 786 1746 ludaeam
801 1685 935 1763 relictus,
957 1687 1052 1747 novis-

61 1781 131 1838 sima
143 1773 412 1849 Hierosolymorum
423 1772 642 1851 oppugnatione
654 1770 806 1831 duodecim
819 1778 1053 1849 propugnatores

61 1860 178 1922 totidem
194 1859 360 1936 sagittarum
375 1857 504 1917 coniecit
519 1855 637 1933 ictibus,
662 1857 798 1934 cepitque
815 1873 849 1914 ea
870 1854 957 1914 natali
978 1853 1054 1913 tiliae

25 1956 52 1996 2⁰
62 1962 131 2006 suae
148 1953 225 2004 tanto
241 1941 358 2000 militum
373 1941 479 2018 gaudio
496 1959 531 2000 ac
546 1940 658 2017 lavore,
673 1941 745 1999 utin
760 1939 952 2016 gratulatione
964 1940 1053 2018 impe·

62 2039 188 2090 retorem
202 2043 266 2084 cum
282 2024 526 2085 consalutauerint
541 2032 570 2083 ct
584 2023 705 2083 suhinde
728 2022 917 2083 decedentem
938 2024 1052 2103 provin·

64 2116 107 2173 cia
126 2110 312 2184 detinuerint,
341 2106 511 2186 suppliciter
525 2125 581 2167 nec
601 2125 658 2167 non
679 2115 708 2166 ct
726 2108 876 2168 minaciter
894 2107 1052 2185 efflagitan-

63 2208 123 2271 tes,
145 2203 193 2254 aut
218 2200 383 2252 remaneret
411 2200 459 2251 aut
490 2209 588 2250 secum
615 2192 706 2250 omnis
739 2192 848 2270 pariter
885 2190 1052 2253 abduceret.

63 2278 146 2342 Unde
161 2288 226 2338 nata
243 2277 371 2355 suspicio
387 2283 441 2352 est,
457 2276 538 2354 quasi
556 2274 724 2334 desciscere
740 2293 756 2334 a
773 2283 854 2354 patre
871 2274 1055 2353 Orientisque

27 2374 53 2413 2⁵
65 2381 186 2440 regnum
203 2362 258 2420 sihi
272 2360 419 2420 vindicare
435 2368 619 2437 temptasset;
643 2376 728 2438 quarn
749 2361 944 2439 suspicionem
966 2360 1054 2435 auxit,

65 2455 217 2524 postquam
229 2442 432 2504 Alexandriam
446 2452 549 2523 petens
561 2444 588 2502 in
604 2443 804 2503 consecrando
817 2443 892 2522 apud
899 2441 1055 2522 Memphim

64 2530 141 2589 hove
156 2528 251 2607 Apide
268 2527 396 2588 diadema
417 2528 558 2604 gestavit,
581 2526 616 2587 de
632 2544 713 2587 more
730 2526 845 2606 quidem
861 2530 976 2606 rituque
999 2528 1054 2606 pri·

64 2631 133 2673 scae
149 2613 314 2690 religionis;
332 2611 383 2671 sed
398 2629 457 2671 non
468 2611 586 2671 deerant
599 2613 646 2690 qui
659 2613 776 2690 sequius
790 2613 1056 2691 interpretarentur.

65 2699 161 2773 Quare
179 2697 318 2757 festinans
340 2697 368 2755 in
382 2694 503 2772 ltaliam,
518 2715 581 2755 curn
594 2697 727 2773 Regium,
745 2696 810 2756 dein
827 2696 966 2757 Puteolos
987 2713 1055 2756 one-

29 2782 139 2843 aoraria
153 2799 227 2840 nave
242 2780 412 2861 appulisset,
430 2782 550 2841 Romam
567 2780 634 2840 inde
655 2780 802 2840 contendit
825 2778 1056 2859 expeditissimus

64 2865 280 2942 inopinantique
297 2865 387 2944 patri,
405 2863 484 2924 velut
498 2883 624 2941 arguens
637 2881 781 2924 rurnorum
802 2863 838 2923 de
859 2883 891 2923 se
911 2865 1055 2924 temerita-

65 2959 130 3023 tem,
155 2945 229 3008 ch'
245 2949 343 3025 inquit,
357 2953 460 3024 poter,
478 2949 556 3008 oeni.
586 2947 689 3027 Neque
706 2967 743 3007 ex
759 2965 795 3007 eo
812 2948 921 3009 destitit
941 2948 1056 3028 partici·
1072 2955 1088 3010 6

65 3051 131 3112 penu
150 3042 236 3109 atque
252 3033 334 3091 etiam
350 3040 474 3091 tutorem
492 3033 605 3111 imperii
624 3050 724 3109 agere.

126 3114 324 3192 Triumphauit
341 3133 403 3173 curn
424 3124 506 3193 patre
528 3134 736 3195 censuramque
757 3118 850 3194 gessit
868 3137 940 3195 una,
964 3115 1056 3176 eidern

30 3213 54 3254 ³⁵
66 3195 183 3276 collega
198 3209 227 3259 et
243 3201 270 3257 in
292 3198 441 3258 trihunicia
463 3209 608 3279 potestate
629 3201 706 3260 etin
726 3209 838 3280 septem
862 3200 1056 3262 consulatibus

64 3285 132 3351 iuit3
149 3292 326 3361 receptaque
344 3283 380 3344 ad
396 3301 428 3342 sc
446 3303 539 3363 prope
559 3285 682 3345 omnium
702 3284 863 3345 ciliciorum
886 3304 954 3345 cura
975 3286 1056 3365 (cum

65 3369 155 3446 patris
171 3369 286 3427 nomine
303 3376 332 3427 et
348 3368 487 3447 epistolas
503 3371 566 3447 ipse
583 3368 705 3429 dictaret
719 3378 750 3429 et
772 3370 867 3430 edicta
890 3369 1055 3430 conscribe·

64 3460 110 3512 ter
129 3452 334 3532 orationesque
354 3454 382 3512 in
404 3462 504 3514 senatu
527 3455 662 3515 recitaret
685 3454 770 3513 etiam
792 3455 954 3533 quaestoris
975 3453 1054 3532 vice)
