2286 3862
85 222 147 287 306
353 229 384 279 o.
408 228 571 278 suanorum
591 226 812 289 runuoomur

147 386 297 464 hieropes}
318 383 463 461 galbeoli,
478 390 508 441 ut
525 391 605 461 putat
626 381 830 460 Tranquillus.
860 382 932 447 Hae
953 392 1096 465 genitores

86 490 156 534 suos
171 468 331 530 recondunt
352 471 407 527 iam
425 484 512 527 senes
529 476 558 526 et
574 467 654 526 ahere
672 466 808 527 dieantur
828 468 864 527 in
886 470 1094 539 similitudinem

85 553 416 701 lttltteloltt
438 550 680 693 bittit-itt
700 548 1090 717 ‘llP'tst‘Jlbtl

107 662 121 701 s
250 679 257 693 ·
786 678 795 693 ·
931 682 939 697 ·
1076 690 1084 703 .

86 722 206 786 Miller.
223 718 263 797 of.
279 717 398 778 Plinius
411 723 476 776 aaut.
492 716 562 777 hist.
578 725 617 778 30
627 726 653 786 §-
670 724 717 777 33.
970 684 979 715 ’
1090 748 1102 787 5

149 802 302 865 Suetonius
317 798 499 877 Tranquillus
514 800 584 861 dioit
607 800 814 878 Parthenopen
838 803 985 865 Sirenem
1000 808 1088 885 sepul·

85 899 141 949 tam
163 889 190 945 in
213 884 389 963 Campaniae
409 883 510 959 litore,
537 901 553 944 a
576 885 655 943 ouius
671 884 787 943 nomine
807 884 970 967 Neapolis
985 888 1089 951 Parthe-

85 989 163 1050 nope
188 970 315 1030 vocitata
336 968 523 1027 existimatur.
570 965 698 1029 Scholia
719 964 914 1031 flunmen
941 972 989 1035 ud
1015 970 1085 1055 Pup.

86 1056 196 1133 Georp.
214 1063 243 1128 4,
261 1060 322 1113 564
337 1050 385 1111 od.
403 1048 524 1111 hiiiller.

148 1136 302 1210 Corycium
323 1134 434 1211 senem]
458 1151 512 1211 per
532 1133 679 1194 transitum
699 1133 791 1211 tangit
811 1133 989 1201 historiam
1000 1156 1092 1207 mu

84 1230 209 1281 ratama
231 1217 380 1276 Suetonio.
422 1215 578 1292 Pompeius
604 1218 678 1276 enim
703 1218 790 1277 vietis
815 1220 936 1298 piratis
967 1222 1072 1285 cuius
1128 1246 1131 1251 ·

83 1304 186 1383 partim
203 1302 231 1360 iu
246 1298 359 1376 cilicia,
376 1300 479 1376 partim
494 1300 523 1358 iu
538 1298 669 1376 Graecia,
684 1302 836 1379 partimin
853 1302 1008 1370 Calabria
1018 1322 1078 1387 apti

85 1387 172 1448 dedit.
201 1383 331 1445 Seruius
346 1382 389 1443 ud
408 1380 497 1461 Venp.
516 1382 626 1463 Georp.
644 1392 751 1457 4,127.

145 1469 237 1528 Homo
257 1466 378 1528 rebellis
400 1468 520 1543 dieitur,
537 1486 586 1526 res
608 1469 671 1546 ipsa
685 1467 831 1545 rebellio,
850 1488 917 1533 non
936 1473 1081 1537 rebellatio

85 1555 135 1613 Sio
150 1553 315 1613 Suetonius.
344 1550 473 1611 Seruius
486 1549 530 1611 ad
544 1548 631 1629 Verp.
646 1548 723 1611 Aen.
741 1559 789 1628 12,
809 1561 888 1615 185.
1085 1586 1098 1627 t

149 1636 280 1714 Scriptus
294 1635 444 1712 librarius}
474 1634 644 1712 bibliopola,
659 1636 700 1693 uti
715 1643 838 1695 veteres
854 1638 1017 1723 dicebant,
1028 1639 1085 1723 apul

86 1729 115 1780 et
129 1718 312 1798 Tranquillus
328 1718 458 1778 affirmat.
491 1717 619 1779 Sobelt'a
634 1717 678 1777 ud
689 1715 817 1779 Horatii
832 1729 947 1786 uriom
959 1744 1017 1807 po.
1035 1732 1085 1789 tte

147 1820 266 1880 Emeriti
282 1836 348 1896 pars
363 1818 459 1878 ultima
473 1817 555 1894 iuris]
577 1815 719 1892 signifieat
736 1816 955 1893 conpluviatae
972 1822 1087 1901 diem

85 1907 124 1964 ait
146 1903 317 1976 Suetonius,
335 1900 364 1958 in
386 1900 488 1978 quibus
505 1899 583 1979 quod
602 1908 668 1958 ante
682 1900 881 1963 intermissum
895 1904 1007 1969 iuerat
1018 1922 1087 1987 gere

85 1986 178 2044 batur.
209 1982 336 2044 Scholia
351 1984 395 2043 ad
406 1981 564 2044 moenum
580 1993 607 2058 5,
628 1982 707 2043 ted.
728 1980 851 2045 Weber.
1090 1992 1105 2035 ¹

148 2084 229 2143 Ponti
244 2083 340 2162 belua]
361 2083 541 2153 crocodilum
561 2086 640 2144 canis
658 2084 822 2163 Aegyptius
845 2087 960 2151 lambit
975 2100 1007 2151 et
1020 2088 1087 2169 iuph

84 2170 161 2229 Dioit
177 2167 341 2227 Suetonius.
374 2167 502 2229 Scholia
527 2168 571 2228 ud
590 2166 749 2229 moenum
771 2175 800 2245 8,
817 2176 883 2231 764
902 2173 961 2235 od.
982 2172 1087 2237 Weber.

85 2253 124 2333 cf.
134 2251 297 2313 Phaedrus
307 2249 375 2330 sub.
384 2261 409 2327 1,
424 2260 471 2311 25.

146 2350 282 2410 Inchoovi
298 2349 333 2408 ab
350 2349 467 2427 inchoo}
487 2349 536 2407 Sia
551 2348 700 2407 dicendum
719 2356 798 2426 putat
817 2347 917 2413 lulius
934 2354 1087 2431 Modestus,

84 2436 149 2514 quia
172 2435 208 2492 sit
230 2434 420 2511 compositum
441 2450 456 2490 a
481 2429 577 2507 Chao,
599 2432 676 2491 initio
704 2449 810 2491 rerum.
848 2434 891 2495 At
919 2436 1051 2503 Verrius
1066 2444 1102 2499 tlt

82 2517 205 2578 Flaccus
231 2517 257 2574 in
281 2524 425 2594 postrema
448 2514 559 2589 syllaba
586 2515 765 2592 aspirandum
788 2515 1025 2595 probaverunt;
1050 2538 1085 2583 st

82 2601 148 2660 hum
170 2602 242 2658 enim
263 2599 338 2677 apud
359 2609 475 2658 veteres
490 2596 622 2657 mundum
636 2594 794 2674 signifieat,
818 2599 890 2660 inde
908 2608 1082 2669 trautumis

84 2684 201 2742 oohure.
238 2681 420 2760 Tranquillus
443 2699 558 2759 quoque
578 2681 623 2741 his
645 2682 809 2741 adsentiens
825 2682 941 2750 libello
964 2707 1023 2753 suo
1037 2688 1084 2771 ple

82 2768 199 2826 nissime
215 2766 316 2827 aedem
330 2765 490 2824 incohatam
506 2766 544 2822 itu
561 2764 704 2824 disseruit.
733 2763 906 2839 Diomedes
920 2782 1033 2851 p.362
1043 2771 1073 2836 P.

152 2864 208 2914 Non
226 2864 281 2913 sine
302 2863 404 2914 fastidio
424 2878 452 2913 ao
471 2864 553 2913 solum
569 2871 673 2929 propter
689 2864 817 2913 raritatem
830 2870 1026 2935 exemplorum
1039 2864 1102 2925 sub*

81 2933 213 2984 iunximus
224 2931 321 2982 misella
334 2940 464 2997 excerpto,
485 2946 548 2995 quae
561 2932 766 2996 splendidissima
778 2931 952 2991 Palaemonis
973 2949 1001 2993 et
1019 2942 1086 2993 'lhu-

82 3002 152 3066 quilli
166 2999 268 3049 nomina
280 3015 341 3064 prae
356 3016 384 3050 se
397 3000 495 3060 ierunt,
507 3000 554 3049 sed
566 3000 646 3049 bonae
661 2998 744 3065 frugis
756 3014 847 3064 parum
864 3006 1019 3062 continent.
1052 3004 1086 3061 ild

82 3084 169 3118 sumus
190 3067 278 3116 eodem
298 3069 383 3118 codiee
400 3067 621 3133 Montepessulano
639 3068 732 3118 saeculi
755 3082 796 3129 rx,
815 3070 885 3120 unde
906 3073 1056 3129 Dor-vinias
1068 3088 1086 3125 a.

82 3136 149 3188 1749
166 3135 276 3201 protulit.

143 3217 396 3277 Differentiae
415 3236 618 3279 sermonum
637 3218 769 3278 Remmi
784 3218 1087 3289 Palaemonisax

81 3298 181 3358 libro
198 3299 584 3381 Suetoni'l'ranquilli
606 3301 917 3382 quiiusoribitur
934 3309 1086 3374 Pratum

143 3381 221 3441 Inter
241 3393 356 3460 gnatum
377 3393 405 3442 et
426 3388 651 3465 natumlgnatus
668 3387 777 3465 estqui
794 3404 831 3445 ex
850 3388 960 3471 aliquo
979 3412 1087 3475 genam

82 3464 174 3526 eflicit
195 3466 319 3544 aliquem
341 3478 488 3547 parentem
512 3471 577 3547 ipse
599 3469 762 3550 nascendo,
783 3478 868 3532 uatus
891 3487 945 3539 est
967 3480 1000 3540 in
1019 3478 1087 3541 satu
