2334 3870
98 148 157 214 106
180 161 210 208 G·
230 156 379 207 SUETONI
401 153 530 213 Tnario.
545 153 592 198 DE
607 152 689 198 VITA
706 149 893 199 CAESARUM
910 153 981 201 LIB.
1004 155 1057 203 111.

97 329 258 395 temporunn
280 312 469 374 atrocitatem.
512 306 596 382 Quod
616 315 711 366 tamen
729 305 900 367 beneficium
921 310 995 368 tanti
1017 313 1106 370 aesti·

96 401 200 478 mavit,
217 409 247 459 ut
262 404 387 459 montem
404 391 532 453 Caelium
546 389 745 470 appellatione
761 398 863 451 mutata
878 393 983 451 vocari
1000 392 1106 471 Augu-

98 494 171 546 stum
194 483 321 544 iusserit.
355 478 438 540 Militi
459 485 527 554 post
551 475 694 555 duplicata
719 492 757 533 ex
780 472 900 552 Augusti
922 483 1105 539 testamento

98 572 198 648 legata
215 567 286 628 nihil
302 579 432 641 umquam
450 561 572 639 largitus
590 568 650 635 est,
675 568 877 638 praeterquam
891 559 1002 637 singula
1019 563 1104 623 milia

99 653 281 716 denariorum
301 644 508 729 praetorianis,
529 643 607 724 quod
623 644 730 704 Seiano
753 662 787 703 se
808 660 867 703 nou
884 645 1124 708 accommodas-c

99 747 181 815 sent,
212 745 242 795 et
270 731 410 812 quaedam
429 746 548 788 munera
565 729 694 804 Syriacis
715 727 900 806 legionibus,
921 727 996 806 quod
1015 729 1098 789 solae

99 822 204 882 nullam
221 818 317 878 Seiani
337 814 492 893 imaginem
513 815 587 873 inter
604 815 686 888 signa
703 813 874 873 coluissent.
905 811 1000 890 Atque
1017 815 1105 873 etiam

98 905 251 966 missiones
267 910 473 961 veteranorum
489 898 651 959 rarissimas
668 896 754 974 iecit,
771 915 809 956 ex
824 898 908 957 senio
922 905 1054 974 mortem,
1071 916 1109 955 ex

98 996 192 1050 morte
215 984 418 1065 compendium
440 993 568 1061 captans.
598 981 643 1041 Ne
665 982 832 1061 prouincias
848 981 965 1060 quidem
979 981 1107 1042 liberali-

100 1082 160 1135 tate
173 1072 233 1132 ulla
249 1070 422 1144 sublevavit,
440 1076 563 1145 excepta
579 1065 666 1143 Asia,
684 1066 813 1126 disiectis
828 1076 926 1127 terrae
942 1073 1024 1126 motu
1041 1067 1104 1125 civi·
1115 1079 1137 1119 m

99 1157 217 1220 tatibus.

58 1260 92 1316 49
163 1237 346 1300 Procedente
366 1252 434 1294 mox
456 1243 588 1312 tempore
604 1235 689 1293 etiam
705 1234 741 1294 ud
755 1234 872 1312 rapinas
889 1236 1038 1294 conuertit
1052 1235 1106 1294 ani-

99 1342 184 1386 mum.
216 1323 267 1382 Sat
284 1328 412 1396 constat,
437 1317 497 1379 CN.
512 1318 661 1379 lentulum
683 1337 838 1396 augurem,
864 1318 909 1378 cui
928 1337 1037 1378 census
1052 1335 1104 1377 ma·

100 1411 193 1473 ximus
214 1407 318 1482 luerit,
340 1413 417 1465 metu
434 1413 463 1464 et
478 1421 589 1483 angore
605 1403 799 1475 adiastidium
815 1404 891 1463 uitae
905 1402 942 1464 ab
961 1420 999 1463 eo
1017 1412 1108 1464 actum

102 1506 131 1558 et
153 1502 184 1554 ut
205 1510 241 1553 ne
263 1508 320 1571 quo
341 1489 395 1549 uisi
415 1491 480 1568 ipso
502 1488 610 1549 herede
632 1498 809 1558 moreretur;
836 1486 1057 1548 condemnatam
1081 1495 1139 1545 etm

102 1578 359 1659 generosissimam
378 1574 512 1635 feminam
534 1573 686 1652 Lepidam,
712 1574 884 1650 ingratiam
907 1573 1020 1648 Quirini
1042 1588 1109 1631 con-

103 1663 208 1724 sularis
232 1659 400 1740 praediuitis
425 1668 454 1718 et
476 1656 555 1732 orbi,
578 1659 626 1734 qui
649 1657 793 1716 dimissam
816 1675 879 1717 eam
894 1675 912 1716 e
926 1656 1109 1718 matrimonio

103 1755 171 1828 post
192 1745 378 1805 uicensimum
400 1759 502 1802 annum
524 1742 629 1799 veneni
646 1741 714 1800 olim
729 1742 757 1800 in
774 1759 806 1800 se
826 1741 987 1820 comparati
1004 1757 1108 1817 argue-

103 1831 167 1900 bat;
193 1836 345 1907 praeterea
364 1825 518 1886 Galliarum
534 1833 563 1882 et
578 1823 781 1902 Hispaniarum
798 1826 959 1904 Syriaeque
975 1833 1006 1884 et
1022 1818 1109 1884 Grae·

105 1917 168 1976 ciae
184 1911 332 1989 principes
350 1909 525 1968 confiscatos
544 1908 581 1968 olu
596 1917 653 1968 tam
669 1908 736 1968 leve
750 1928 785 1969 ac
799 1918 855 1969 tam
872 1907 1014 1989 inpudens
1033 1908 1141 1968 calu-au

103 1998 240 2058 mniarum
253 2011 363 2070 genus,
385 2001 415 2052 ut
431 1991 602 2071 quibusdam
617 2011 675 2052 non
692 1993 769 2053 aliud
785 1996 821 2053 sit
838 1992 1002 2070 obiectum,
1025 2010 1110 2071 quam

104 2077 181 2159 quod
196 2086 307 2154 partem
319 2079 361 2137 rei
374 2076 520 2137 familiaris
535 2079 564 2135 in
576 2078 699 2157 pecunia
710 2078 866 2147 haberent;
880 2077 1013 2157 plurimis
1025 2077 1110 2136 etiam
1156 2142 1161 2154 ,

104 2161 268 2225 ciuitatibus
293 2169 323 2220 et
340 2161 459 2240 privatis
478 2171 594 2221 veteres
611 2163 800 2222 immunitates
824 2171 853 2221 et
869 2163 913 2221 ius
927 2161 1111 2222 metallorum

104 2268 138 2311 ac
154 2246 341 2324 vectigalium
358 2246 505 2325 adempta;
530 2247 582 2306 sed
598 2256 627 2307 et
642 2248 796 2308 Vononem
812 2265 913 2324 regern
929 2245 1110 2322 Parthorum,

106 2334 154 2414 qui
180 2331 281 2412 pulsus
306 2350 323 2391 a
343 2332 402 2390 suis
418 2332 499 2410 quasi
515 2332 544 2390 in
560 2331 644 2391 iidem
659 2331 690 2391 P.
705 2332 740 2391 R.
759 2349 822 2390 cum
836 2332 948 2408 ingenti
961 2347 1036 2407 gaus
1050 2328 1109 2389 Au·
1119 2345 1142 2385 ru

105 2417 242 2479 tioohiam
260 2435 292 2476 se
307 2424 478 2495 receperat,
498 2415 652 2495 spoliatum
668 2415 789 2492 periidia
806 2423 835 2474 et
853 2415 992 2475 occisum.

63 2528 98 2580 50
171 2500 272 2560 Odium
296 2498 436 2559 adversus
454 2498 685 2558 necessitudines
706 2499 735 2557 in
757 2498 852 2560 Druso
876 2499 998 2577 primum
1019 2497 1111 2558 fratre

106 2585 216 2646 detexit
233 2582 362 2665 (prodita
379 2585 440 2642 eius
457 2583 591 2660 epistola,
615 2600 670 2660 qua
693 2600 792 2642 secum
807 2583 844 2641 de
860 2581 996 2662 cogendo
1011 2581 1048 2642 ad
1066 2600 1110 2641 re·

106 2668 278 2730 stituendam
301 2666 462 2725 libertatem
479 2666 612 2743 Augusto
633 2665 753 2745 agebat)
769 2665 873 2726 deinde
890 2676 919 2727 et
935 2669 964 2727 in
978 2665 1111 2745 reliquis.

105 2752 196 2814 luliae
224 2751 309 2811 uxori
337 2758 443 2809 tantum
460 2750 530 2809 aluit
550 2758 580 2809 ut
602 2749 767 2828 relegatae,
791 2751 868 2829 quod
888 2752 1033 2811 minimum
1053 2758 1144 2826 est,su

107 2837 185 2900 offici
207 2843 254 2895 aut
276 2833 456 2894 humanitatis
478 2833 587 2912 aliquid
604 2835 779 2912 impertiret,
800 2844 830 2894 ut
848 2854 886 2895 en
906 2835 1113 2895 constitutione

108 2921 197 3003 patris
219 2936 276 2977 uno
300 2917 409 2997 oppido
426 2918 551 2978 clausam
568 2918 654 2978 domo
672 2937 788 2998 quoque
805 2918 907 2998 egredi
924 2928 953 2978 et
969 2937 1111 2979 commer-

110 3009 155 3068 cio
176 3002 318 3065 hominum
338 3002 395 3062 irni
418 3003 557 3072 vetuerit;
581 3001 634 3062 sed
657 3004 818 3081 etpeculio
835 3021 1012 3065 concessos
1028 3011 1113 3082 patre

110 3088 305 3172 praebitisque
317 3087 417 3146 annuis
429 3085 581 3165 fraudavit,
598 3105 651 3166 per
667 3089 796 3167 speciem
812 3088 921 3168 publici
933 3088 1014 3165 iuris,
1033 3084 1114 3165 quod

110 3174 180 3236 nihil
200 3173 236 3233 de
259 3170 302 3230 his
319 3170 468 3249 Augustus
492 3180 663 3233 testamento
689 3174 825 3233 cavisset.
862 3172 983 3233 Matrem
1002 3170 1145 3231 Liviumsu

111 3267 248 3338 grauatus
268 3255 348 3316 velut
370 3264 467 3335 partes
488 3256 542 3316 sibi
557 3273 665 3335 aequas
680 3258 828 3334 potentiae
849 3256 1058 3332 vindicantem,
1084 3262 1114 3315 et

112 3358 302 3419 congressum
317 3341 378 3401 eius
394 3339 537 3399 assiduum
552 3342 645 3401 vitavit
673 3349 698 3399 et
710 3340 860 3418 longiores
873 3341 1112 3418 secretioresque

112 3444 280 3506 sermones,
303 3424 619 3490 reconciliarentur„
654 3443 739 3482 „pan
758 3423 898 3484 interdum
921 3432 950 3484 et
968 3441 1060 3503 egere
1085 3431 1115 3484 et
