2334 3870
106 182 146 241 70
190 190 220 239 c.
238 190 388 239 aunuum
404 187 532 248 numu.
549 186 694 234 numus
710 184 983 238 crustumia.
1000 189 1040 266 ru.

276 349 423 421 Postquam
438 347 479 403 tri
493 348 581 402 amase
593 347 681 404 nctus
692 359 778 401 naues
784 345 925 418 perdidd,

276 433 429 506 Aequanda
444 436 477 487 u
487 433 591 499 samu,
607 431 675 485 nau
686 430 797 485 usum
812 430 911 485 auam

64 512 151 581 trux
173 513 276 591 quibus
300 512 363 572 sire
386 510 550 570 criminibus
567 511 630 569 sive
647 508 809 569 maledictis
824 507 962 569 inluuiem
979 510 1109 588 impudi-

106 598 191 658 citiae
212 597 348 659 facillime
367 595 503 654 refutavit
524 603 554 654 et
574 595 737 674 praesentis
757 601 788 652 et
808 601 943 671 posterae
958 593 1036 654 ritae
1055 612 1105 654 ca-

106 683 216 751 stitate;
239 683 306 740 item
326 679 497 739 lautitiarum
516 678 665 755 invidiam,
690 694 753 736 oum
772 685 803 736 et
821 675 996 737 Alexandria
1014 685 1130 757 captas

104 766 174 826 nibil
194 764 249 824 sibi
265 771 382 842 praeter
397 780 482 822 unum
496 764 650 822 murrinum
665 761 785 821 calicem
800 779 839 820 ex
852 763 1037 821 instrumento
1051 779 1099 820 re·

104 851 155 927 gio
169 848 327 926 retinuerit,
344 856 374 907 et
386 864 456 907 mox
468 865 539 907 vasa
555 865 641 907 aurea
656 845 842 906 assiduissimi
854 863 924 905 usus
937 845 1109 906 conflaverit

105 933 207 993 omnia.
242 930 329 992 Circa
348 931 481 992 libidines
499 930 606 1001 haesit;
628 938 732 1010 postea
747 946 880 1008 qnoque,
896 937 928 990 ut
940 929 1054 1006 ierunt,
1073 928 1109 988 ud

104 1015 245 1078 uitiandas
272 1017 403 1093 virgines
429 1016 606 1095 promptior,
633 1032 707 1093 quae
732 1012 787 1073 sibi
812 1013 939 1093 undique
964 1011 1105 1074 suamab

104 1118 198 1161 uxore
224 1102 471 1178 conquirerentur.
502 1097 595 1158 Aleae
614 1115 759 1158 rumorem
779 1096 1132 1176 nullomodocxparit,1o

104 1186 229 1263 lusitque
245 1183 415 1261 simpliciter
428 1191 457 1241 et
473 1181 567 1261 palam
580 1182 785 1242 oblectamenti
800 1199 889 1245 causa
903 1182 991 1243 etiam
1005 1199 1108 1258 senex,

103 1285 148 1344 ac,
164 1276 366 1346 praeterquam
379 1265 535 1326 Decembri
548 1283 666 1344 mense,
689 1266 753 1326 aliis
768 1283 884 1346 quoque
896 1267 982 1328 iestis
998 1274 1028 1327 ct
1041 1282 1109 1345 pro·

103 1351 187 1412 lestis
209 1349 320 1411 diebus.
349 1350 414 1410 Nec
432 1351 461 1412 id
482 1348 596 1411 dubium
620 1360 674 1411 est.
704 1351 896 1430 Antograpba
910 1351 1034 1430 quadam
1049 1350 1110 1430 epi·

104 1436 179 1496 stula
201 1433 355 1512 annaci,
384 1439 438 1513 ait,
466 1436 509 1496 mi
532 1434 644 1512 Tiberi,
670 1453 737 1496 mum
757 1434 878 1506 iudam·
909 1440 1113 1497 accesserunt

105 1520 256 1582 conuiuae
274 1518 410 1581 Vinicius
430 1527 460 1581 ct
473 1518 570 1581 Silius
586 1526 688 1599 putor.
721 1517 807 1581 Inter
827 1537 958 1580 cucuma
980 1520 1112 1581 lusimus
1122 1534 1144 1576 u

102 1607 278 1684 peruntinae
294 1611 324 1664 et
335 1604 403 1665 beri
417 1611 446 1665 ct
461 1605 573 1675 bodie‚·
596 1605 670 1664 tulis
685 1605 765 1664 araim
776 1603 915 1681 tactam,
930 1604 1112 1684 utquisque

104 1706 212 1750 canem
233 1695 288 1750 cut
309 1689 463 1748 senionem
482 1689 627 1761 miserat,
650 1688 683 1747 ia
703 1689 843 1768 sinqulos
863 1688 947 1750 talos
967 1687 1111 1768 einqulos

104 1773 253 1833 denamm
272 1773 305 1831 in
324 1772 455 1831 medinam
477 1768 675 1847 conferebat,
697 1788 775 1849 quos
791 1770 918 1833 tollebat
929 1773 1108 1848 uniuersos,

103 1856 155 1935 qni
173 1853 316 1915 Venerem
335 1853 460 1913 iecerat.
490 1852 528 1912 Et
550 1872 649 1912 rursus
667 1853 730 1914 aliis
746 1856 867 1918 litteris:
888 1854 975 1932 Nos,
996 1857 1042 1917 mi
1060 1855 1106 1917 m·-

103 1938 187 2015 beri,
211 1935 424 2015 Quinquatrus
449 1936 530 1996 sads
557 1937 690 1998 iucunde
711 1939 850 2019 epicuru
875 1940 1007 2002 lusimus
1029 1932 1141 2002 eriimn

99 2039 158 2100 per
177 2020 275 2080 omnis
297 2021 364 2080 dies
380 2019 545 2102 forumque
567 2022 755 2084 aleatorium
769 2024 960 2104 calfeoimus.
993 2024 1107 2086 Frater

102 2111 172 2164 tuuc
189 2104 311 2183 maqnis
332 2105 521 2166 clamoribus
540 2125 605 2166 rem
622 2108 739 2186 pared,-
766 2108 810 2169 ud
830 2127 981 2170 maumam
1006 2116 1110 2171 tamen

99 2187 238 2267 perdidit
256 2206 319 2249 non
338 2191 478 2266 multum,
502 2191 560 2251 ced
580 2209 620 2251 ea
637 2192 759 2270 muqnis
774 2192 966 2255 detrimentis
976 2200 1109 2273 praeter

101 2290 186 2352 apem
209 2273 363 2352 paulatim
387 2281 543 2335 reboatum
565 2282 619 2336 est.
658 2274 726 2354 Epo
745 2277 873 2355 perdidi
891 2277 1002 2359 ciqirtti
1019 2278 1110 2340 milio

100 2376 252 2418 nummum
276 2376 342 2420 meo
367 2359 504 2435 nomine,
533 2359 591 2419 sed
614 2378 682 2420 cum
706 2357 800 2440 effuse
818 2363 852 2423 in
871 2363 942 2423 lusu
963 2361 1142 2425 liberaliore

98 2440 243 2520 samson,
267 2448 302 2502 ut
321 2442 406 2504 soleo
419 2443 607 2523 plerumque.
638 2441 720 2504 Nam
734 2445 764 2504 si
778 2463 859 2526 quac
872 2463 986 2508 mamre
999 2447 1110 2509 remisi

100 2525 209 2604 cuique
232 2527 416 2606 caepionem,
444 2535 501 2587 aut
523 2526 716 2587 retinuissem
741 2531 825 2607 quod
845 2530 955 2612 cuique
976 2530 1106 2608 domani,

98 2607 240 2669 vicissem
258 2611 308 2672 vel
322 2611 544 2690 quinquaqinta
557 2610 653 2671 milio.
683 2610 749 2671 Sed
761 2612 821 2674 boo
834 2615 943 2687 mado,-
965 2614 1106 2696 deniqui·

98 2695 149 2750 tas
169 2693 247 2753 enim
261 2712 332 2754 mea
348 2713 395 2754 me
411 2695 454 2753 ad
469 2695 630 2757 caelestem
643 2695 777 2774 qloriam
793 2695 906 2778 efferet.
943 2698 1056 2760 Scribit
1071 2698 1108 2761 ad

99 2773 200 2837 filiam:
217 2777 292 2837 Misi
304 2777 360 2839 tibi
375 2778 522 2839 denarios
537 2779 683 2840 ducentos
699 2780 932 2862 quinquaqinta,
950 2801 1031 2864 quot
1042 2783 1105 2846 aia·
1116 2799 1142 2843 to

96 2860 180 2938 pulis
198 2863 336 2923 conuiuis
357 2863 521 2939 dederam,
542 2863 571 2922 si
589 2862 702 2924 uellent
719 2865 798 2926 inter
820 2883 855 2927 se
874 2867 956 2928 inter
974 2885 1108 2930 coenum

98 2945 147 3006 cel
161 2945 234 3006 talis
247 2947 297 3006 cel
306 2965 371 3025 pur
383 2948 487 3026 impar
502 2946 618 3008 ludere.

56 3035 91 3092 72
161 3029 193 3089 ln
214 3031 320 3090 ceteris
344 3030 473 3109 partibus
492 3033 568 3091 vitae
586 3031 861 3094 continentissimum
877 3034 971 3095 luisse
990 3045 1108 3099 constat

99 3132 134 3174 ac
155 3115 217 3174 siue
233 3116 400 3193 suspicione
415 3116 501 3175 ullius
516 3117 586 3175 vitii.
629 3115 775 3177 Habitavit
791 3120 885 3198 primo
903 3121 983 3181 iuxta
997 3122 1106 3183 Roma·

97 3215 163 3256 num
177 3199 281 3275 lorum,
298 3217 384 3277 supra
400 3199 501 3260 Scalas
519 3199 677 3277 anularius,
695 3202 724 3259 iu
741 3200 827 3262 domo
843 3220 918 3280 qnae
936 3202 1022 3265 Salvi
1039 3220 1143 3266 ora-ct

96 3283 169 3340 toris
183 3283 292 3353 iuerat;
316 3291 418 3361 postea
433 3285 461 3342 in
477 3283 602 3359 Palatio,
626 3283 679 3343 sed
693 3285 783 3346 nibilo
798 3287 891 3344 minus
906 3287 1028 3348 aedibus
1043 3306 1106 3350 uno·

96 3363 169 3422 dicis
182 3366 397 3443 Hortensianis,
421 3376 451 3427 et
467 3385 563 3444 neque
579 3367 697 3428 laxitate
713 3386 808 3448 neque
825 3369 903 3429 cultu
921 3374 1106 3452 conspicuis,

95 3455 126 3506 nt
146 3447 174 3506 in
194 3449 296 3526 quibus
320 3451 450 3531 porticus
464 3449 572 3510 breves
587 3461 686 3511 essent
699 3450 878 3513 Albanarum
894 3455 1107 3537 columnarum,
