2334 3870
89 174 129 236 28
175 186 205 234 c.
224 184 373 235 auduom
388 184 515 248 nnunq.
532 184 579 230 un
595 181 677 230 vura
696 178 880 229 cuusuuuu
896 180 966 228 nus.
979 179 1004 230 1.

48 352 82 408 68
93 342 202 418 Quibus
216 340 303 401 rebus
319 349 348 400 et
361 339 566 400 devotissimos
581 336 635 397 sibi
651 345 680 396 et
693 335 869 397 fortissimos
883 334 1020 397 reddidit.
1048 337 1096 399 lu·

90 443 196 505 gresso
219 426 306 485 civile
324 423 432 484 bellum
454 424 638 484 centuriones
660 423 797 499 cuiusque
812 420 940 496 legionis
960 421 1096 500 singulos

91 512 203 591 equites
227 511 369 570 asiatico
390 525 443 567 suo
466 507 646 587 optulerunt,
664 506 790 565 universi
811 503 917 563 milites
939 507 1094 580 gratuitam

92 605 121 656 et
136 597 198 654 sine
212 594 355 654 frumento
376 592 580 671 stipendioque
595 607 730 671 operam;
756 605 818 647 cum
838 588 1000 648 tenuiorum
1018 596 1090 649 tute·

91 681 146 740 lam
162 679 372 758 locupletiores
391 678 419 735 in
434 695 467 736 se
482 675 681 736 contulissent.
715 672 818 752 Neque
834 674 862 732 in
885 681 942 732 tam
962 672 1110 736 diuturnos

92 764 186 844 spatio
203 763 350 840 quisquam
375 762 490 820 omniuo
514 759 650 835 descivit,
671 758 803 837 plerique
824 759 900 836 capti
923 774 1091 818 concessam

92 846 146 908 sibi
162 845 214 905 sub
233 844 399 905 conditione
415 847 517 921 vitam,
537 846 562 905 si
583 845 705 903 militare
727 842 866 902 adversus
886 859 953 901 eum
974 840 1094 919 uellent,

90 937 273 998 recusandum
295 928 398 988 lamam
418 938 447 989 et
464 937 578 989 ceteras
595 928 802 1005 necessitates,
824 943 883 986 non
900 943 964 986 cum
980 925 1096 989 obside·

91 1023 190 1076 rentur
203 1012 290 1073 modo
306 1013 358 1072 sed
373 1021 402 1072 et
417 1015 441 1072 si
458 1015 514 1092 ipsi
526 1011 600 1072 alios
620 1010 801 1087 obsiderent,
817 1018 973 1089 tantopere
988 1011 1096 1072 tolera·

91 1098 174 1175 bant,
197 1105 228 1157 ut
239 1095 421 1172 Dyrrachma
440 1098 596 1156 munitione
617 1095 772 1173 Pompeius
795 1097 859 1154 viso
881 1112 994 1171 genere
1011 1096 1095 1176 panis
1107 1113 1130 1154 aa

92 1200 130 1242 ex
146 1181 250 1257 herba,
271 1198 328 1259 quo
351 1178 578 1256 sustinebantur,
600 1198 667 1240 cum
679 1178 759 1258 feris
774 1178 837 1239 sibi
850 1196 917 1240 rem
931 1197 999 1241 esee
1012 1179 1093 1240 dixe·

91 1268 144 1342 rit,
166 1267 353 1342 amoverique
374 1265 455 1323 o'cius
475 1282 530 1324 nec
551 1264 681 1343 cuiquam
702 1263 815 1324 ostendi
836 1265 964 1341 iusserit,
983 1281 1020 1324 ne
1040 1280 1090 1342 pa·

92 1349 192 1410 tientia
208 1356 237 1407 et
254 1349 413 1427 pertinacia
427 1347 520 1408 hostis
535 1350 619 1410 animi
634 1365 750 1408 suorum
764 1348 975 1426 frangerentur.

157 1433 268 1507 Quanta
293 1432 461 1492 fortitudine
487 1433 661 1510 dimicarint,
689 1434 854 1494 testimonio
880 1441 926 1493 est
948 1431 1025 1514 quod
1046 1430 1093 1492 ad·

92 1533 180 1577 verso
203 1516 294 1576 semel
316 1517 392 1596 apud
405 1516 615 1594 Dyrrhachium
635 1517 749 1599 proelio
770 1535 894 1598 poenam
916 1519 945 1577 in
966 1535 1000 1577 se
1018 1516 1095 1577 ultro
1107 1538 1132 1579 1s

93 1602 348 1682 depoposcerunt,
369 1611 400 1662 ut
422 1602 618 1663 consolandos
641 1620 694 1662 eos
716 1604 809 1679 magis
830 1603 991 1681 imperator
1013 1618 1098 1681 quam

93 1684 254 1767 puniendos
271 1684 413 1746 habuerit.
457 1685 571 1748 (leteris
587 1687 709 1766 proeliis
730 1689 893 1747 innumeras
913 1686 1097 1748 edversario·

92 1787 154 1829 rum
170 1771 287 1848 coplas,
301 1770 396 1829 multis
410 1769 540 1849 partibas
555 1772 611 1851 ipsi
625 1772 795 1849 pauciores,
808 1770 897 1834 facile
912 1779 1097 1850 superarunt.

91 1853 223 1932 Denique
240 1870 294 1912 ana
309 1861 411 1914 sextae
427 1854 553 1931 legionis
569 1854 676 1915 cohors
692 1857 862 1934 praeposita
878 1855 1002 1917 castello
1018 1862 1097 1935 quat

93 1946 158 1997 tuor
178 1935 298 2015 Pompei
313 1936 450 2013 legiones
463 1957 517 2018 per
532 1939 642 2019 aliquot
654 1938 743 2001 boras
758 1941 906 2017 sustinuit,
927 1957 1024 2019 paene
1038 1956 1097 1999 om·
1107 1953 1134 1997 aa

92 2022 136 2081 nis
153 2020 267 2081 conlisa
286 2021 464 2082 multitudine
479 2022 626 2085 hostilium
642 2026 826 2102 sagittarum,
849 2041 968 2105 quarum
984 2032 1099 2085 centum

93 2121 129 2164 ac
147 2105 264 2180 triginta
284 2105 362 2166 milia
381 2107 455 2168 intra
476 2108 581 2170 vallum
600 2118 718 2189 reperta
740 2119 812 2170 sunt.
848 2108 913 2170 Nec
931 2110 1058 2186 mirum,
1072 2109 1099 2169 si

94 2191 157 2268 quis
178 2189 356 2265 singulorum
383 2191 459 2254 lacta
484 2195 637 2274 respiciat,
666 2193 714 2254 vel
739 2192 821 2255 Cassi
842 2194 973 2255 Scaevae
999 2203 1098 2255 centu·

92 2273 184 2333 rionis
201 2273 249 2334 vel
267 2272 317 2335 Gai
332 2275 409 2337 Acili
424 2279 539 2356 militis,
558 2297 594 2339 ne
610 2279 646 2340 de
660 2278 789 2358 pluribus
803 2279 938 2340 aeleram.
973 2279 1098 2356 Scaeva,

94 2374 220 2419 excusso
243 2359 344 2438 oculo,
365 2365 519 2424 transfixus
540 2364 652 2425 femore
673 2372 701 2423 et
721 2362 853 2441 humero,
878 2372 993 2425 centum
1007 2372 1038 2424 et
1055 2364 1134 2426 vics

93 2443 164 2520 giuti
185 2443 289 2503 ictibus
310 2454 394 2505 scuto
411 2449 577 2526 perforato,
595 2446 753 2508 custodiam
769 2457 873 2527 portae
889 2449 1035 2509 commissi
1052 2466 1098 2509 ca·

94 2526 171 2586 stelli
187 2529 312 2587 retinuit.
351 2528 463 2590 Acilius
485 2532 580 2592 navali
602 2531 637 2592 ad
656 2531 814 2593 Massiliam
833 2533 968 2613 proelio,
991 2534 1100 2594 iniecta

92 2609 121 2666 in
136 2626 263 2686 puppem
277 2610 402 2673 hostium
417 2613 538 2676 dextera
551 2625 580 2675 et
593 2615 724 2693 abscisa,
736 2616 926 2678 memorabile
937 2616 1008 2679 illud
1023 2615 1100 2698 apud

94 2689 224 2752 Graecos
250 2690 406 2773 Cynaegiri
427 2699 590 2778 exemplum
610 2700 749 2778 imitatus,
772 2702 915 2762 transiluit
934 2701 965 2763 in
985 2720 1099 2780 navem,

93 2774 217 2834 umbone
237 2775 342 2838 obvios
358 2799 460 2858 agens.
1108 2805 1135 2849 aa

51 2875 85 2931 69
157 2858 335 2923 Seditionem
348 2883 402 2944 per
415 2866 517 2927 decem
529 2885 619 2928 annos
633 2868 752 2931 Gallicis
764 2870 850 2931 bellis
862 2871 968 2933 nullam
980 2871 1099 2933 omnino

93 2953 262 3022 moverunt,
286 2949 419 3011 civilibus
440 2952 565 3032 aliquas,
588 2953 640 3014 sed
656 2964 686 3015 ut
703 2955 841 3016 celeriter
856 2956 893 3017 ad
908 2956 1038 3018 officium
1052 2974 1098 3016 re·

95 3029 212 3105 dierint,
235 3048 291 3090 nec
314 3041 371 3094 tam
393 3037 570 3114 indulgentia
596 3037 678 3099 ducis
704 3057 787 3120 quam
812 3043 995 3103 auctoritate.
1031 3039 1099 3102 Nou

95 3114 170 3173 enim
184 3117 273 3174 cessit
290 3135 420 3197 umquam
435 3123 668 3184 tumultuantibus
685 3134 770 3205 atque
786 3127 872 3187 etlam
892 3124 1008 3187 obviam
1024 3142 1097 3186 sem·

93 3215 147 3276 per
168 3199 213 3297 fiij
237 3209 266 3260 et
286 3219 389 3264 nonam
404 3207 518 3285 quidem
537 3208 684 3286 legionem
701 3210 777 3290 apud
790 3209 980 3288 Placentiam,
1001 3228 1135 3291 quamne

94 3299 177 3380 quam
196 3302 225 3342 m
241 3289 326 3347 armis
346 3288 439 3349 adhuc
453 3290 610 3372 Pompeius
632 3303 725 3372 esset,
748 3304 837 3356 totam
855 3313 919 3356 cum
938 3296 1099 3375 ignominia

92 3382 208 3465 nussam
226 3369 298 3433 lecit
316 3391 465 3454 aegreque
485 3385 553 3456 post
567 3379 669 3440 multas
690 3388 720 3440 et
740 3380 881 3460 supplicis
901 3396 1023 3460 preces,
1040 3382 1098 3449 ne‘e

49 3454 146 3513 iomar
168 3462 272 3518 exacta
297 3455 332 3520 de
360 3460 491 3522 sontibus
512 3479 622 3542 poena,
649 3465 788 3536 restituit;
815 3464 988 3528 decimanos·
1002 3468 1098 3541 astuti
