2286 3862
67 202 128 265 308
337 211 367 260 a.
390 210 554 259 suuaouu
576 207 799 268 annuorum

129 367 224 447 Lupus
247 377 275 428 et
295 368 380 447 lepus
400 365 522 425 similem
544 363 651 425 hahent
669 380 797 441 vocem,
820 382 889 427 nort
906 366 1090 436 similanda·

68 454 263 521 clinationem;
282 453 352 513 facit
367 454 441 511 enim
456 450 541 529 lepus
556 446 637 527 poris
658 456 689 507 et
704 447 795 528 lupus
811 450 859 529 pi.

129 536 278 616 Expertus
307 545 336 596 et
358 534 566 614 experrectus}
590 540 730 610 expertus
754 533 786 593 iu
807 551 850 594 re
870 533 979 615 aliqua
1001 541 1086 603 velia

67 624 198 700 negotio,
213 629 403 700 experrectus
421 636 437 677 a
454 635 556 678 somno
571 625 599 677 et
607 617 721 694 quieter
738 617 782 677 ita
797 617 886 680 illud
903 624 1030 685 astutiae
1037 636 1082 703 est,

67 707 125 767 hoc
140 708 269 766 inertiae.
1086 730 1096 768 ⁵

130 789 230 867 Spolia
246 798 274 847 et
291 788 412 845 exuviae
429 786 497 864 quid
513 785 664 865 differunt]
698 782 798 862 spolia
824 788 935 850 saucii
960 790 1079 869 glamio·

67 877 106 933 ris
128 882 157 931 et
178 873 246 930 victi
271 888 339 930 esse
361 870 508 945 dicuntur,
536 871 659 929 exuviae
679 868 708 926 in
728 865 816 929 bello
843 872 1079 939 interfectitlutit

66 959 256 1018 nominantur.

132 1039 231 1100 Certat
247 1050 275 1100 et
292 1040 436 1118 certatur}
468 1046 596 1097 certatur
613 1035 734 1097 verbum
751 1046 799 1097 est
818 1043 1015 1121 nominandi,
1026 1062 1070 1105 am

68 1125 171 1205 aliquis
186 1126 214 1183 in
226 1123 290 1183 foro
307 1133 354 1182 aut
368 1126 396 1182 in
413 1122 480 1182 loeo
490 1130 633 1191 certatum
647 1130 738 1182 certat
753 1132 862 1185 autem
878 1126 942 1189 ille
962 1128 1084 1190 adon

132 1210 161 1268 Si
179 1226 299 1268 aeneum
315 1215 411 1283 esset,
428 1224 479 1266 aes
495 1208 577 1265 aenis
593 1206 677 1266 lieret
690 1206 827 1283 genitivo
854 1227 956 1283 casu:
974 1230 1061 1273 omes

68 1295 145 1355 aeris
160 1293 261 1367 iaciat,
281 1310 397 1351 aerarum
413 1290 545 1366 dicimus,
560 1298 590 1350 ut
602 1292 666 1369 ipse
682 1290 832 1367 Virgilius
855 1294 920 1355 ait:
938 1300 1069 1377 maeque
1115 1314 1119 1323 '

68 1376 150 1438 Aere
170 1375 293 1455 trabes,
312 1384 341 1435 et
361 1376 411 1435 ille
434 1374 539 1435 artifex
565 1376 694 1434 aerarius
717 1373 847 1455 dicitur,
869 1395 939 1440 non
955 1382 1070 1443 annatim
1119 1371 1120 1378 ἵ

129 1460 237 1521 Neutra
253 1478 452 1540 quaecumque
468 1458 572 1538 plurali
588 1475 706 1518 numero
723 1459 751 1517 in
767 1459 794 1519 ia
820 1473 949 1523 exeunt
964 1482 1030 1527 casu
1040 1482 1072 1524 nu

68 1548 223 1621 minativo,
249 1564 283 1605 ea
304 1546 442 1621 genetivo
463 1561 532 1603 casu
554 1545 582 1602 in
597 1545 653 1601 ium
669 1541 822 1620 dicuutur,
840 1554 1005 1629 tamquam
1017 1548 1088 1611 donia

68 1629 106 1688 lia
122 1629 218 1690 facilia
241 1630 327 1706 agilia
351 1629 494 1703 forensia,
521 1626 590 1687 facit
605 1628 680 1687 eninr
693 1626 857 1703 singularis
876 1647 1025 1694 numerus
1038 1634 1076 1695 lor

68 1711 186 1772 forense
208 1723 237 1772 et
260 1712 366 1772 docile.
402 1711 474 1772 ltem
496 1730 559 1771 cum
576 1710 683 1771 docilia
705 1711 841 1788 genitivo
862 1731 943 1778 casu
962 1718 1078 1779 doollim
1132 1778 1136 1787 ,

68 1796 155 1855 faciat
178 1797 292 1874 agilium
315 1805 343 1855 et
366 1797 508 1871 facilium,
538 1796 657 1855 dicimus
678 1794 844 1855 forensium
866 1816 935 1861 non
950 1800 1079 1863 forensia

68 1898 145 1947 rum;
163 1882 201 1938 ita
218 1879 313 1938 dativo
334 1888 363 1937 et
379 1878 507 1938 ablativo
525 1896 594 1939 casu
611 1878 641 1938 lit
658 1877 827 1938 forensibus
852 1883 998 1961 agilibus
1013 1886 1080 1947 etla

70 1961 181 2021 cilibus.
1085 1994 1099 2035 2,

131 2042 258 2104 Amictus
281 2053 326 2103 ast
341 2047 385 2105 rei
402 2064 476 2125 quae
492 2048 623 2108 amicitur
641 2064 756 2126 nomen,
782 2048 918 2115 amicius
936 2062 1028 2119 vesle
1039 2052 1082 2119 tit·

69 2128 225 2188 cumdatus.

130 2211 209 2272 Inter
232 2214 334 2274 annale
357 2222 386 2273 et
407 2233 527 2275 annuum
551 2225 579 2275 et
602 2217 782 2296 anniculum]
806 2221 934 2283 annalis
959 2225 1035 2287 lilrer
1049 2232 1083 2285 ert

69 2300 116 2375 qui
139 2315 230 2357 annua
249 2308 314 2358 acta
339 2301 482 2375 continet,
510 2318 618 2360 annuus
638 2301 747 2360 fructus
773 2302 822 2379 qui
844 2321 905 2364 suo
925 2310 1011 2371 redit
1024 2320 1083 2372 ten·

69 2398 157 2459 pore,
180 2383 329 2442 anniculus
344 2392 442 2460 potest
459 2383 515 2444 dici
530 2385 622 2444 infans
638 2384 687 2444 vel
702 2384 779 2445 aliud
791 2388 916 2449 animal.
1086 2416 1101 2459 o

130 2466 208 2525 lnter
230 2468 363 2526 mendum
384 2477 413 2526 et
433 2467 628 2548 mendacium]
657 2467 788 2528 mendum
814 2480 861 2531 est
882 2477 1043 2559 scripto*
1063 2484 1084 2539 et

69 2569 84 2608 a
100 2560 224 2609 mentum
240 2560 364 2610 mentax.

132 2633 209 2693 lnter
228 2643 276 2694 aut
291 2644 319 2693 et
337 2634 402 2714 vel]
428 2645 474 2694 aut
488 2637 673 2696 necessitatis
690 2646 750 2712 est,
771 2636 820 2695 vel
837 2638 1025 2710 voluntatis.

131 2716 209 2776 luter
231 2736 481 2796 supervacaneum
498 2728 527 2779 et
542 2721 771 2799 supervacuum}
802 2739 1024 2800 supervacuus
1046 2748 1084 2791 cu·

68 2801 111 2858 ius
128 2819 196 2859 usus
212 2803 240 2860 in
256 2804 403 2880 praesenti
417 2803 523 2862 inutilis
539 2813 599 2880 est,
617 2806 803 2865 necessarius
825 2816 931 2870 autem
960 2814 1104 2875 futurarm

69 2903 303 2963 supervacaneus
320 2897 364 2947 est
383 2888 463 2946 cuius
478 2906 546 2946 usus
560 2890 635 2946 omni
653 2899 785 2968 tempora
801 2908 1021 2969 supervacuus
1038 2907 1084 2960 eor,

130 2969 208 3046 Erga
229 2988 275 3028 me
299 2981 328 3030 et
351 2972 491 3032 adversus
516 2990 561 3031 me
576 2974 633 3034 hoc
649 2964 761 3049 differt,
780 2975 858 3052 quod
874 2976 1013 3043 alterum
1030 2985 1085 3065 pie

67 3056 133 3113 tatis
150 3063 194 3111 est
210 3062 238 3112 et
253 3053 487 3132 benivolentiae,
503 3057 624 3117 alterum
640 3058 842 3117 contentionis.

131 3136 208 3197 Inter
233 3137 385 3198 barbarum
412 3150 440 3199 et
463 3140 657 3223 barbaricum]
690 3141 844 3202 barbarum
874 3154 927 3204 est
957 3151 1086 3213 moribus

68 3220 116 3279 vel
145 3239 297 3300 sermone,
326 3221 507 3284 barbaricum
535 3228 635 3306 operis
665 3227 915 3288 demonstratione
939 3231 1019 3297 facit
1042 3233 1106 3297 vala

66 3309 186 3363 textum.

126 3388 269 3466 specular
289 3408 324 3449 an
347 3391 520 3473 speculare]
551 3395 652 3455 Omnia
674 3404 775 3455 neutra
798 3413 875 3476 quae
897 3399 1020 3477 plurali
1041 3424 1087 3465 nu·

113 3488 147 3531 rc
169 3490 223 3551 per
244 3475 270 3533 ia
288 3477 433 3536 enuntiata
445 3476 566 3556 fuerint,
596 3497 659 3539 cum
675 3479 710 3541 ad
732 3480 910 3558 singularem
935 3504 1088 3553 numerum
