2334 3870
112 150 174 213 280
385 160 416 209 c.
440 158 604 208 somronn
622 155 840 217 ammomum
888 215 891 221 ,

114 315 294 379 consuetudo
312 323 342 374 ιιι
358 321 566 392 componantur
587 320 722 393 pegmata
743 329 761 373 a
782 311 911 373 ludorum
933 315 1119 385 theatralium

114 399 281 462 editoribus.
326 398 422 459 Scene
440 405 547 472 autem,
569 414 643 475 quae
666 394 775 473 flebat,
793 404 839 457 aot
851 398 969 459 versilis
984 414 1053 467 erat
1073 417 1121 469 aut

113 485 237 546 ductilis.
281 482 405 545 Versilis
416 491 484 542 tuuc
497 489 568 558 erat,
584 499 648 540 cum
664 479 759 541 subito
773 488 832 541 tota
843 480 980 544 machinis
997 490 1118 566 quibus.

113 569 179 630 dam
194 567 418 629 convertebatur
432 574 461 625 et
475 564 559 625 aliam
573 566 704 643 picturae
719 564 827 624 faciem
840 566 1015 630 ostendebat.
1055 573 1118 635 Du-

114 653 190 714 ctilis
202 662 278 727 tunc,
295 669 358 711 cum
372 649 472 710 tractis
487 648 622 708 tabulatis
637 649 692 709 hac
708 657 795 728 atque
810 648 879 711 illac
892 653 1003 730 species
1016 657 1115 736 piutu.
1129 683 1141 721 5

113 756 164 799 rae
179 735 338 798 nudabatur
358 733 477 794 interior
494 776 501 790 .
519 777 526 791 .
543 778 550 792 .
573 732 651 811 quod
664 733 760 794 Varro
776 742 807 794 et
822 734 973 797 Suetonius
987 755 1112 801 comme-

112 829 234 883 morant.
279 816 408 879 Seroiata
420 816 464 876 od
479 814 567 897 Verp.
585 815 695 897 Georq.
716 824 744 893 3,
762 824 812 878 24.

174 904 277 965 Primis
297 911 391 963 autem
410 901 606 980 temporibus,
628 910 658 961 ιιι
678 900 789 961 adserit
801 900 1004 984 Trauqmllus‚
1027 909 1120 968 omnia

114 1006 188 1068 quae
202 989 230 1047 in
247 1005 335 1048 scena
350 993 502 1047 versantur
517 988 547 1046 in
560 985 713 1047 comoedia
727 984 907 1063 agebantor3
929 999 1040 1051 namet
1054 1009 1120 1071 pan-

111 1074 245 1137 tomimus
260 1082 290 1133 et
301 1070 453 1150 pythaules
468 1079 497 1130 ct
510 1070 663 1131 choraules
675 1071 704 1129 in
719 1070 872 1131 comoedia
883 1071 1040 1135 cauebant
1060 1074 1117 1135 Sed
1122 1093 1147 1133 ιι

113 1160 179 1238 quia
203 1173 260 1216 non
274 1162 410 1234 poterant
426 1155 520 1215 omnia
537 1154 620 1215 simul
641 1152 718 1233 apud
741 1170 842 1215 omncs
858 1156 996 1219 artihces
1012 1159 1111 1237 pariter

112 1239 281 1316 excellere,
295 1238 319 1297 si
336 1239 383 1315 qui
400 1247 483 1296 eraut
499 1240 574 1298 inter
590 1247 707 1300 actores
724 1237 943 1301 comoediarum
961 1260 1017 1320 pro
1029 1241 1111 1303 iacui·

111 1333 170 1386 tate
193 1330 222 1383 et
238 1331 303 1384 arte
323 1323 473 1401 potiores,
495 1325 686 1402 principatum
714 1321 770 1382 sibi
791 1321 906 1383 artificii
923 1324 1116 1389 vindicabant.

112 1410 162 1470 Sic
182 1409 289 1469 factum
310 1415 370 1484 est,
395 1414 426 1466 ut
447 1406 613 1467 nolentibus
634 1406 741 1467 cedere
763 1406 855 1466 mimis
871 1408 902 1466 in
920 1411 1116 1471 artificio‘suo

114 1495 222 1556 ceteris
239 1493 384 1572 separatio
401 1493 485 1552 heret
499 1490 684 1571 reliquorum.
727 1489 801 1552 Nam
816 1489 881 1550 dum
896 1496 1038 1572 potiores
1052 1495 1141 1554 iniens

112 1577 250 1654 rioribus,
273 1576 321 1655 qui
342 1577 369 1634 in
390 1579 465 1636 omni
485 1576 648 1653 ergasterio
670 1583 769 1651 erant,
785 1574 898 1636 servire
913 1576 1117 1657 dedignantur,

112 1680 144 1722 se
159 1663 242 1739 ipsos
258 1679 275 1721 a
291 1659 439 1720 comoedia
455 1667 673 1740 separaverunt,
688 1675 724 1719 ac
735 1660 779 1719 sic
793 1658 902 1721 iactum
916 1670 967 1723 est
980 1671 1012 1722 ut
1027 1680 1118 1724 exem·

112 1744 162 1826 plo
179 1745 271 1805 semel
283 1751 397 1822 sumpto
413 1761 484 1804 unus
497 1745 618 1823 quisque
627 1744 696 1804 artis
712 1761 781 1804 suae
792 1760 854 1803 rem
868 1747 980 1826 exequi
988 1747 1119 1827 coeperit

111 1848 206 1908 neque
227 1831 256 1888 in
280 1827 459 1887 comoediam
473 1828 585 1887 venire.
631 1825 719 1888 Cuius
739 1829 783 1888 rei
800 1825 906 1889 iudicia
920 1829 1054 1907 produnt
1071 1848 1117 1892 uo

112 1913 157 1973 bis
172 1913 306 1989 antiquae
323 1910 510 1986 comoediae,
532 1912 561 1969 in
576 1912 679 1990 quibus
693 1911 867 1979 inventura
889 1921 957 1973 acta
969 1913 1052 1976 tibiis
1068 1933 1142 1995 pau

110 1995 190 2055 ribus
208 2002 255 2053 aut
275 1993 433 2072 imparibus
454 2002 502 2055 aut
519 1995 655 2056 sarranis.
701 1994 821 2071 Quando
843 1996 919 2056 enim
943 1997 1057 2059 chorus
1076 2016 1118 2059 ca

110 2077 212 2154 nebat,
238 2077 364 2138 choricis
388 2075 483 2155 tibiis,
510 2078 538 2138 id
566 2088 611 2139 est
638 2078 827 2157 choraulicis‚
850 2081 958 2141 artilex
983 2084 1117 2143 concine·

110 2161 174 2231 hat;
203 2165 232 2221 in
261 2164 374 2222 cantico
401 2171 494 2222 autem
515 2162 689 2242 pythaulicis
709 2161 911 2243 responsabat.
957 2164 1021 2227 Sed
1046 2163 1119 2246 quod

111 2246 228 2327 paribus
246 2246 323 2307 tibiis
342 2246 389 2307 vel
404 2247 561 2327 imparibus
576 2249 736 2308 invenimus
751 2248 903 2327 scripturn,
931 2248 991 2310 hoc
1010 2250 1117 2329 signib-

110 2341 171 2393 cet:
195 2331 297 2411 quodsi
315 2331 429 2411 quando
451 2330 588 2391 monodio
611 2331 735 2409 agebat,
756 2350 840 2391 unam
861 2332 959 2393 tibiam
982 2334 1142 2409 inhabut3u

109 2417 260 2495 siquando
276 2414 409 2491 ennodio,
426 2424 573 2493 utrasque.
602 2413 769 2477 Diomedes
781 2412 844 2474 ΙΙΙ.
859 2433 891 2493 p.
902 2423 961 2477 489
975 2415 1013 2478 Ρ.
1032 2418 1118 2481 utar

109 2506 204 2560 tottam
219 2504 315 2578 caput
328 2498 392 2558 iam
409 2497 481 2559 inde
496 2516 517 2559 o
532 2517 566 2578 p.
585 2507 654 2560 482.
677 2498 824 2561 Suetonio
839 2498 948 2560 deberi
959 2499 1096 2564 eidam

171 2584 238 2644 Sica
261 2601 278 2642 a
295 2582 421 2642 secando
444 2581 520 2642 dicta
542 2582 798 2661 ...Tranquillus
824 2582 1025 2647 autemdicit:
1049 2584 1117 2647 cum

109 2665 256 2725 cuiusdam
278 2663 449 2741 gladiatoris
476 2667 504 2724 in
522 2665 617 2726 ludum
638 2669 734 2726 emissi
747 2667 862 2745 gladius
885 2677 1025 2731 curvatae
1049 2670 1117 2731 iuis·

108 2756 153 2807 set
171 2767 209 2807 ex
225 2749 288 2808 acie
303 2756 393 2824 recta,
410 2751 556 2826 procurrit
576 2767 647 2809 unus
662 2749 698 2809 ad
713 2751 742 2810 id
759 2750 979 2829 corrigendum,
997 2762 1142 2834 tumqneo

108 2850 124 2891 a
140 2840 287 2911 pugnante
303 2849 475 2911 responsum
493 2840 553 2892 est:
570 2832 614 2892 sle
628 2831 683 2893 hac
698 2835 846 2913 pugnabo.
875 2833 947 2895 lnde
962 2836 1050 2899 sicae
1068 2856 1116 2900 uo·

117 2934 172 2976 nen
190 2914 285 2975 datum
302 2925 357 2976 est.
400 2912 546 2978 isidorus
561 2917 680 2997 etymol.
699 2927 749 2991 18,
770 2928 798 2995 6,
822 2927 851 2980 8.

168 3000 267 3061 Bithus
290 3009 319 3058 et
337 2999 479 3061 Bacchius
507 3001 698 3078 gladiatorum
726 3003 839 3063 nomina
867 3002 1020 3067 celebrata
1042 3006 1118 3088 apud

113 3086 274 3147 *telonium
287 3083 485 3162 Tranquillum
500 3085 552 3145 sub
564 3086 709 3164 Augusto.
755 3087 810 3163 Qui
826 3105 889 3147 cum
904 3088 1013 3150 multos
1029 3092 1116 3153 iuter·

115 3171 257 3247 tuissent,
282 3169 427 3230 commissi
449 3170 524 3230 inter
544 3189 576 3231 se
599 3171 701 3231 mutuis
720 3170 890 3231 vulneribus
910 3173 1142 3237 conciderunts

117 3255 143 3304 aa
159 3275 222 3316 cum
240 3255 343 3316 eodem
359 3264 492 3334 tempore
509 3255 611 3315 mulier
627 3272 701 3334 quae
717 3264 828 3335 septem
847 3254 1009 3335 extulerat,
1026 3259 1115 3323 nube·

161 3341 188 3398 ei
204 3340 251 3418 orvi
263 3357 369 3398 uvares
385 3346 489 3417 septen
514 3340 569 3398 am’
579 3357 602 3379 ¹0
624 3348 657 3392 ιι.
672 3341 863 3419 compositum
877 3348 922 3400 est
934 3341 1116 3420 epigramma

118 3433 193 3472 „ut
313 3423 428 3468 dnlnln‘tr
451 3439 477 3464 nt
515 3421 523 3468 l
582 3459 589 3468 ,
639 3441 666 3468 ..ι
726 3431 840 3488 ,7,21)
