2286 3862
172 233 173 236 ,
246 199 525 249 nnennmuonun
546 199 728 248 pannonum
750 196 952 258 nnmomnn.
1039 185 1100 248 309

98 357 282 434 rediguntur,
310 354 430 414 sublatis
463 355 505 429 ia,
530 353 661 432 adposita
683 352 827 427 elittera,
856 350 993 430 quidquid
1014 352 1102 412 inerit

99 439 357 519 respondebimus,
381 447 411 497 ut
425 437 591 516 specularia
607 438 772 517 speculare,
800 435 938 495 cocliaria
961 436 1099 496 cocliare.

160 524 238 583 lnter
252 523 309 583 hoc
325 531 354 582 et
370 522 445 600 huc}
464 521 521 581 hoc
538 538 698 600 pronomen
715 519 865 580 masculini
887 528 916 578 et
941 521 1034 579 neutri
1048 538 1099 597 ge-

100 609 177 668 neris
196 626 280 667 casus
298 606 455 681 ablativus,
470 604 528 664 huc
545 605 712 665 adverbium
728 612 773 664 est
788 604 856 665 loci.
895 603 954 663 Sed
969 604 1102 667 videntur

75 709 87 749 ιι
100 709 199 753 errare
215 691 264 769 qni
278 690 336 750 hoc
350 688 519 748 adverbium
534 689 593 748 loci
605 697 704 767 putant
714 689 984 769 essc,[quamquam
996 687 1102 746 dixerit

96 776 254 851 Virgilius:
281 773 340 835 buc
359 773 433 834 illuc
455 772 626 833 vinclorum
646 772 778 833 inmisso
798 772 957 832 volumina
971 770 1101 848 cernat]

100 858 211 932 Quodsi
227 857 284 917 hoc
299 856 465 916 adverbium
480 865 525 916 est
540 856 618 931 loci,
635 856 768 916 dicimus:
787 855 864 935 qnod
881 865 925 915 est
940 870 1102 934 pronomen

39 954 42 959 ’
98 942 129 1001 id
147 939 392 1000 eritadverbium.

163 1025 242 1084 lnter
257 1023 397 1083 offensam
413 1032 442 1082 et
457 1023 661 1101 offensionem]
683 1023 794 1082 offensa
808 1025 914 1082 nomen
929 1031 973 1081 est
989 1021 1042 1098 rei,
1059 1020 1101 1081 oi·

10 1102 16 1142 ⁵
58 1133 88 1175 10
98 1109 193 1168 fensio
211 1106 331 1184 culpae,
346 1115 489 1184 tamqnam
503 1116 571 1166 nota
587 1116 616 1166 et
631 1109 755 1174 notatio;
772 1115 840 1166 nota
852 1107 927 1166 enim
942 1122 1047 1165 nomen
1059 1104 1103 1164 rei

10 1191 12 1228 ³
99 1200 161 1268 est,
176 1193 284 1251 notatio
304 1191 380 1250 actio
396 1192 531 1250 notantis.

10 1275 17 1315 l
161 1274 240 1333 lnter
260 1281 371 1350 patrem
393 1282 422 1332 ει
443 1274 604 1352 parentem]
637 1283 721 1352 pater
746 1282 791 1334 est
813 1274 933 1334 alicuius
949 1271 978 1349 ⁵⁵,
995 1288 1101 1351 parcns

12 1359 20 1399 ¹
99 1357 149 1415 vel
164 1355 309 1414 masculus
332 1355 382 1414 vel
403 1355 523 1424 lemina;
546 1357 624 1434 quod
640 1359 715 1416 inter
736 1359 888 1433 coniugem
905 1367 933 1415 et
954 1358 1045 1415 virum
1061 1356 1101 1415 in-

10 1445 20 1486 l
99 1448 209 1512 terest,
225 1437 282 1496 boc
296 1438 371 1496 inter
392 1447 543 1514 parentem
566 1447 595 1496 et
612 1448 743 1514 patrem;
764 1441 870 1497 coniux
890 1448 1012 1515 uterque
1033 1437 1101 1496 dici·

10 1521 21 1571 ¹²
63 1545 89 1586 ιε
100 1533 166 1601 tur,
183 1523 227 1581 vir
242 1522 289 1599 qui
304 1521 420 1580 maritus
437 1528 490 1578 est.
540 1521 581 1580 lta
605 1529 634 1579 et
653 1539 759 1598 parens
775 1531 917 1598 uterque,
933 1520 1008 1578 alter
1025 1520 1103 1598 quod

10 1614 22 1678 ³
101 1624 189 1668 causa
204 1607 239 1665 sit
254 1614 370 1683 partus,
388 1604 462 1664 alter
478 1605 556 1683 quod
573 1604 703 1681 pariendi
718 1603 824 1663 babeat
836 1605 993 1664 materiam.

10 1698 23 1742 t
163 1689 240 1750 Inter
269 1689 348 1748 velle
381 1697 409 1748 et
439 1688 559 1767 cupere]
586 1687 715 1766 quivult
737 1704 794 1746 non
822 1689 919 1765 cupit,
954 1687 1002 1765 qui
1023 1689 1102 1767 cupit

10 1784 22 1829 n
101 1776 185 1835 etiam
201 1773 271 1832 vult.
542 1788 544 1791 ·

15 1852 24 1911 l
161 1858 214 1917 Hic
236 1875 271 1917 an
296 1856 371 1915 haec
387 1856 479 1934 grex}
505 1871 705 1934 quaecumque
730 1854 933 1930 monosyllaba
962 1864 1101 1932 correpta

10 1939 24 1998 b
62 1942 232 2004 aoliniuntur
245 1959 264 1998 x
288 1940 402 2011 littera,
425 1939 560 1999 feminina
577 1949 642 1998 sunt
657 1949 702 1999 nt:
721 1941 770 1998 nix
786 1940 836 2018 pix
851 1959 909 1999 nux
931 1957 1003 1999 crux
1016 1959 1099 2018 grex.

164 2021 316 2100 conplicui
332 2040 367 2080 an
386 2023 569 2101 conplicari]
587 2022 732 2100 triplicavi
749 2032 777 2083 et
791 2023 1027 2103 quadruplicem,
1043 2043 1101 2085 non

10 2118 28 2168 t
99 2106 224 2184 triplicui
241 2114 270 2164 et
285 2105 484 2183 quadruplicui
507 2123 562 2164 nec
581 2106 742 2185 conplicui,
769 2116 798 2167 et
819 2126 875 2168 nec
891 2108 1009 2168 dicimus
1031 2127 1099 2170 con·

99 2191 181 2269 plicit
196 2190 249 2249 sed
265 2188 419 2267 conplicat.

17 2276 29 2339 l
164 2273 284 2333 Duobus
302 2282 330 2332 ct
345 2272 497 2351 ambobus}
522 2273 611 2333 ambis
627 2276 651 2333 si
667 2274 838 2352 dixerimus,
854 2277 985 2354 ambigua
1001 2285 1047 2337 εει
1062 2279 1102 2337 si·

10 2362 28 2425 ll
64 2359 262 2435 asgnilrcatio;
279 2356 342 2416 duis
360 2375 454 2436 aeque
471 2356 546 2417 aliud
562 2359 735 2435 significabit
750 2361 827 2440 quod
848 2372 892 2421 εει
908 2361 943 2420 de
965 2362 1035 2428 sitn;
1057 2362 1102 2422 iu·

100 2442 235 2518 giendum
257 2440 340 2500 nobis
364 2450 409 2500 εει
431 2441 488 2500 boc
508 2442 604 2502 vitium
620 2444 821 2521 ambiguitatis.
849 2443 931 2504 Nunc
950 2446 1034 2504 etiarn
1049 2464 1100 2506 ιιε-

10 2539 29 2615 ‘p
101 2543 187 2584 cesse
211 2535 256 2585 εει
268 2524 351 2584 nobis
374 2534 403 2584 ut
424 2525 550 2585 dicamus
568 2526 621 2586 bos
638 2528 711 2603 duo,
733 2530 798 2607 quia
813 2529 837 2587 si
855 2528 1010 2589 dixerimus
1027 2529 1099 2589 dnos

99 2610 183 2670 locos
199 2610 290 2686 talos,
307 2626 431 2669 necesse
447 2619 491 2669 εει
506 2611 604 2671 dicere
620 2611 682 2672 duis
699 2621 728 2671 et
742 2611 816 2671 ambi
831 2622 861 2672 nt
878 2612 959 2682 mali;
981 2614 1024 2673 sic
1039 2614 1098 2675 adi·

16 2701 31 2763 d
100 2696 208 2754 ciamus
231 2694 287 2755 duo
310 2703 338 2753 et
360 2693 460 2771 ambo,
479 2704 509 2754 ιιι
525 2696 581 2756 duo
596 2695 708 2756 duobus
725 2706 754 2757 et
769 2695 851 2756 ambo
870 2695 1021 2757 ambobus.

10 2797 33 2848 p
64 2792 89 2833 ao
162 2778 248 2838 Ficus
265 2797 300 2838 an
315 2779 399 2857 iicosl
419 2780 491 2839 licus
513 2780 651 2858 arbores,
674 2781 746 2841 licos
765 2798 849 2857 poma
871 2781 1008 2860 dicimus,
1027 2781 1098 2843 licus

10 2873 34 2933 p
99 2870 241 2940 tamquam
257 2880 355 2921 manus
369 2881 458 2939 anns,
480 2863 551 2924 ticos
567 2875 710 2945 tamquam
725 2864 819 2925 favos.

11 2966 33 3015 p
163 2944 299 3005 Decurrit
314 2963 349 3004 an
366 2946 528 3007 decucurrit
541 2959 623 3008 recte
638 2949 777 3026 dicamus]
792 2966 827 3008 ea
840 2967 914 3028 quae
929 2949 1099 3027 geminanda

10 3048 34 3099 ,ι
101 3029 281 3090 eruntvcrba
299 3030 438 3107 temporis
452 3033 625 3107 praesentis,
642 3033 800 3110 praeterito
809 3042 941 3112 tempore
949 3052 1032 3094 unam
1040 3034 1098 3109 svl-

99 3113 194 3175 labam
210 3113 364 3191 accipient,
380 3121 522 3191 tamquam
537 3117 625 3174 currit
638 3117 772 3193 cucurrit,
788 3117 913 3196 spondet
928 3117 1096 3197 spopondit.

10 3215 31 3264 p
62 3209 89 3250 ac
101 3196 139 3257 lit
155 3216 219 3257 cum
240 3196 419 3275 praepositio
435 3199 611 3274 accesserit,
633 3199 758 3277 perdent
778 3201 936 3276 syllabam,
953 3210 1096 3280 tamquam

10 3288 25 3348 :t
100 3282 227 3342 decurrit
235 3299 292 3341 non
305 3281 479 3357 decucurrit,
489 3290 517 3341 et
527 3280 683 3361 despondit
697 3301 754 3343 non
762 3284 967 3364 despopondit.
983 3283 1047 3345 lloc
1058 3287 1096 3345 ita

100 3386 199 3427 verum
214 3368 279 3441 erit,
295 3365 389 3424 sinon
404 3366 470 3444 plus
479 3366 602 3445 quamv.
612 3368 756 3446 accipient
769 3369 1019 3448 praepositiones;
1032 3387 1096 3428 nam

10 3455 22 3509 l
101 3469 164 3509 cum
179 3451 216 3510 sit
230 3448 359 3527 mordet,
385 3458 414 3509 et
428 3448 498 3511 iacit
512 3451 665 3512 momordit
680 3469 736 3512 nec
749 3460 844 3515 tamen
859 3453 929 3514 iacit
944 3452 1094 3514 demordit.

10 3548 19 3573 V
