2334 3870
105 183 145 248 68
190 196 220 244 o.
236 195 386 245 suurour
405 193 533 254 nunno.
549 193 597 240 on
612 193 695 241 vrrs
711 193 896 243 occsurum
910 197 982 247 nro.
998 199 1037 247 11.

104 354 145 412 ris
164 352 323 431 suspitione
340 360 369 411 et
387 348 464 430 quod
478 348 635 411 Marcellus
649 347 703 408 sibi
721 348 929 429 anteferrem,
954 351 1113 430 llytilenas

105 454 138 496 se
162 436 272 496 relictis
294 434 424 496 ornnibus
446 433 633 510 contulisset,
657 431 706 492 hic
729 441 876 493 secretum
900 432 937 495 de
956 454 1113 520 comperta

104 519 242 580 llurenae
257 520 453 580 coniuratione
468 519 552 577 uxori
566 517 719 578 Terentiae
735 516 935 596 prodidisset,

169 604 277 681 Exegit
294 612 323 663 et
338 605 402 682 ipse
415 604 444 661 in
456 604 551 661 vicem
566 600 602 663 ab
617 601 717 662 amicis
732 600 957 664 benivolentiam
968 616 1104 686 mutuam,

105 696 161 748 tam
181 706 198 748 a
220 688 362 748 defunctis
385 703 469 764 quam
484 705 500 746 a
518 687 602 745 rivis.
645 685 718 745 Nam
740 687 871 764 maturis
884 687 997 749 minime
1014 709 1127 771 appe-u

104 781 182 832 teret
195 769 381 848 hereditates,
397 780 428 829 ut
443 771 490 848 qui
501 787 651 849 numquam
663 787 701 828 ex
712 769 804 846 ignoti
815 779 987 834 testamento
999 791 1104 854 capere

106 856 257 934 quicquam
273 855 448 931 sustinuerit,
464 855 621 914 amicorum
636 863 731 913 tamen
745 871 880 933 suprema
893 855 999 918 iudicia
1013 876 1108 920 moro-

105 939 219 997 sissime
240 940 409 1017 pensitavit,
432 956 527 1017 neque
548 937 650 998 dolore
673 937 867 1015 dissimulato,
887 939 913 998 si
928 941 1044 1018 parcius
1061 953 1110 1003 aut

106 1023 178 1083 citra
192 1022 335 1082 honorem
350 1022 519 1098 verborum,
535 1039 629 1099 neque
644 1021 766 1098 gaudio,
783 1022 808 1081 si
822 1029 906 1098 grate
918 1024 1025 1102 pieque
1039 1028 1104 1102 quis

105 1125 138 1167 se
153 1115 325 1186 prosecutus
342 1107 454 1166 luisset.
480 1105 590 1181 Legata
607 1105 655 1163 vel
673 1113 772 1183 partes
786 1104 992 1184 hereditatium,
1009 1125 1027 1167 a
1042 1111 1139 1187 qui-10

104 1190 281 1268 buscnmque
305 1188 472 1267 parentibus
496 1188 598 1247 relicta
622 1187 695 1265 sibi,
717 1197 765 1248 ant
780 1190 877 1248 statim
892 1188 990 1250 liberis
1006 1208 1108 1251 eorum

6 1270 18 1276 “
106 1273 286 1348 concedere,
314 1282 361 1331 aut
383 1273 408 1331 si
431 1271 567 1351 pupillari
586 1281 681 1332 aetate
704 1281 818 1349 essent,
839 1272 887 1332 die
908 1274 999 1334 virilis
1019 1283 1110 1353 togae

104 1356 153 1417 vel
168 1357 328 1436 nuptiarum
346 1375 408 1416 oum
423 1357 602 1416 incremento
616 1357 770 1415 restituere
785 1365 951 1418 consuerat.

63 1451 96 1506 67
169 1441 310 1501 Patronus
333 1441 521 1519 dominusque
545 1458 603 1499 non
623 1442 716 1499 minus
731 1458 852 1500 severus
869 1459 956 1520 quarn
969 1442 1067 1503 facilis
1083 1454 1113 1504 et

107 1527 249 1603 clemens,
266 1526 371 1586 multos
387 1526 555 1586 libertorum
572 1526 600 1583 in
617 1525 729 1584 honore
745 1533 774 1583 et
791 1542 843 1583 usu
857 1527 982 1586 maximo
1000 1526 1110 1605 habuit,
1121 1547 1145 1587 rt

106 1619 136 1670 ut
150 1610 277 1670 Licinum
296 1620 325 1670 et
344 1610 482 1670 Celadum
503 1609 645 1687 aliosque.
682 1607 816 1668 Cosmum
839 1626 971 1687 servum,
997 1615 1110 1688 gravis-

106 1696 177 1754 sime
194 1694 230 1753 de
249 1714 281 1754 se
304 1697 469 1773 opinantem
491 1711 549 1752 non
571 1692 644 1752 ultra
661 1709 744 1772 quarn
760 1693 950 1772 compedibus
966 1698 1111 1756 coercuit.

104 1777 264 1837 Diomeden
287 1777 533 1855 dispensatorem,
555 1793 572 1834 a
594 1794 650 1854 quo
671 1776 754 1836 simul
772 1777 934 1837 ambulante
951 1779 1111 1840 incurrenti

103 1869 226 1941 repente
246 1861 311 1918 iero
328 1877 399 1938 apro
417 1878 471 1938 per
485 1867 590 1919 metum
605 1860 738 1920 obiectus
754 1870 815 1937 est,
837 1860 936 1921 maluit
951 1863 1110 1924 timiditatis

104 1962 228 2022 arguere
244 1961 327 2021 quam
342 1961 448 2019 noxae,
461 1960 580 2022 remque
594 1961 651 2003 non
668 1945 772 2003 minimi
785 1945 916 2024 periculi,
934 1948 1000 2024 quia
1012 1956 1142 2008 lamento

103 2029 183 2088 fraus
208 2025 325 2104 aberat,
355 2029 383 2086 iu
404 2029 500 2086 iocum
521 2030 616 2087 vertit.
654 2027 733 2088 Idem
756 2028 857 2088 Polum
878 2047 917 2088 ex
936 2033 1109 2110 acceptissi-

104 2113 156 2171 mis
190 2108 301 2170 libertis
327 2112 399 2171 mori
429 2110 530 2188 coegit
555 2122 732 2192 compertum
756 2112 920 2172 adulterare
945 2123 1108 2185 matronas;

104 2195 207 2256 Thallo
222 2214 238 2255 a
252 2215 352 2274 manu,
379 2195 457 2275 quod
474 2214 528 2275 pro
545 2197 669 2277 epistola
685 2196 799 2276 prodita
815 2196 952 2257 denarios
967 2198 1109 2276 quingen·

104 2290 150 2341 tos
168 2281 344 2361 accepisset,
366 2299 450 2341 crura
466 2282 493 2341 ei
505 2281 611 2358 fregit;
631 2281 833 2361 paedagogum
848 2281 1056 2361 ministrosque
1075 2282 1108 2344 G.

106 2367 156 2443 dli,
173 2384 227 2445 per
241 2369 427 2426 occasionem
441 2365 604 2425 valitudinis
618 2367 776 2443 mortisque
793 2366 855 2424 eins
865 2363 993 2443 superbe
1006 2380 1142 2427 avare-as

105 2468 161 2528 que
183 2452 211 2507 in
230 2452 380 2528 provincia
396 2457 561 2527 grassatos,
585 2457 722 2508 oneratos
737 2450 820 2525 gravi
836 2447 967 2528 pondere
985 2452 1107 2513 cervici·

104 2533 157 2590 bns
176 2535 378 2611 praecipitavit
394 2536 421 2591 in
437 2533 550 2592 flumen.

61 2630 95 2683 63
166 2614 259 2674 Prima
270 2617 384 2675 iuventa
395 2616 538 2676 variorum
550 2614 725 2674 dedecorum
736 2617 879 2676 infamiam
891 2615 986 2676 subiit.
1000 2619 1107 2679 Sextus

102 2697 256 2774 Pompeius
273 2708 303 2757 ut
318 2699 508 2759 effeminatum
523 2699 680 2758 insectatus
692 2708 751 2768 est;
768 2699 807 2761 ll.
817 2699 961 2760 Antonius
974 2700 1106 2782 adoptio·

102 2798 167 2840 nem
184 2781 317 2840 avunculi
333 2790 433 2860 stupro
449 2784 594 2852 meritum;
617 2785 684 2842 item
698 2783 729 2843 L.
744 2784 835 2845 llarci
848 2784 940 2844 irater
956 2788 1038 2864 quasi
1054 2805 1142 2867 puae

103 2866 243 2941 dicitiam,
264 2864 416 2926 delibatam
431 2885 447 2926 a
464 2863 602 2943 Caesare,
620 2866 696 2926 Aulo
714 2869 799 2928 etiarn
814 2869 908 2929 llirtio
925 2870 954 2927 in
966 2869 1107 2950 llispania

102 2949 239 3011 trecentis
259 2949 374 3008 milibus
394 2969 536 3010 nummum
557 2950 761 3029 substraverit,
783 2954 944 3030 solitusque
967 2955 1006 3013 sit
1022 2972 1108 3016 crura

103 3034 241 3094 suburere
262 3051 336 3094 nuce
358 3034 484 3112 ardenti,
508 3053 565 3113 quo
586 3035 702 3095 mollior
717 3037 793 3114 pilus
808 3045 952 3114 surgeret.
997 3037 1058 3098 Sed
1079 3047 1109 3100 et

103 3118 227 3198 populus
250 3117 390 3198 quondam
414 3122 566 3179 universus
587 3119 718 3180 ludorum
739 3120 787 3181 die
811 3130 840 3181 et
856 3121 973 3199 accepit
989 3123 1018 3182 in
1035 3139 1106 3184 con·

103 3203 247 3263 tumeliam
273 3204 335 3262 eius
362 3211 392 3262 et
421 3204 545 3263 adsensu
569 3205 692 3264 maximo
719 3205 912 3285 conprobavit
935 3223 1052 3267 versum
1076 3209 1140 3267 ines

103 3305 208 3346 scaena
237 3289 448 3366 pronuntiatum
474 3287 510 3347 de
538 3288 616 3366 gallo
639 3289 739 3350 llatris
768 3289 850 3349 deum
875 3291 1106 3368 tympanizante:

61 3378 94 3432 69
105 3367 250 3448 Videsne,
281 3379 315 3433 ot
337 3372 485 3434 cinaedos
508 3371 612 3432 orbem
632 3371 728 3451 digito
755 3375 926 3452 temporat?
952 3372 1107 3438 Adulteria

104 3453 217 3532 quidem
234 3459 402 3516 exercuisse
417 3476 453 3516 ne
469 3456 551 3517 amici
567 3457 682 3534 quidem
699 3469 822 3536 negant,
846 3468 1021 3520 excusantes
1032 3477 1107 3523 sane
