2334 3870
526 231 656 280 orac.
1037 166 1131 284 213ae

103 388 204 460 litavit,
217 406 279 448 cum
292 388 342 450 tali
353 389 499 450 sacrificio
511 389 656 450 contraria
670 396 737 449 enta
750 390 865 469 potiora
878 388 951 467 sint,
964 397 994 450 ct
1004 391 1098 471 primo

105 491 226 550 egressu
237 472 468 535 inundationibus
480 472 595 534 Tiberis
606 472 786 551 retardatus,
799 473 836 535 ad
850 475 1037 535 vicensimum
1054 481 1096 536 et·

102 560 157 618 iam
168 556 294 638 lapidem
308 559 390 618 ruina
404 557 600 618 aedificiorum
611 557 794 639 praeclusam
804 559 880 618 viam
895 557 1024 619 offendit.
1050 558 1093 619 st·
1112 565 1130 621 a

101 641 160 702 mili
171 643 344 719 temeritate,
359 645 488 721 quamvis
505 641 619 702 dubium
636 643 741 703 nemini
761 652 843 704 esset
861 643 930 723 quin
946 642 1020 704 trabi
1035 640 1098 703 bel·

77 726 159 790 ulum
171 735 334 806 oporteret,
347 727 461 805 quaudo
476 736 506 786 et
521 726 597 786 fame
610 735 640 786 et
651 728 790 804 augustiis
802 727 933 789 locorum
947 733 1100 805 urgeretur

99 810 205 886 hostis,
219 827 304 888 quam
315 812 435 889 primum
446 820 543 872 tamen
561 810 714 870 decertare
732 813 843 890 statuit,
863 813 926 872 sire
944 810 1099 890 impatiens

99 895 244 971 longioris
257 893 460 956 sollicitudinis
474 911 658 975 speransque
674 903 739 953 ante
751 896 853 955 Vitelli
866 896 1019 957 adveutum
1032 910 1098 975 pro·

100 978 195 1054 fligari
214 978 364 1058 plurimum
377 999 478 1061 posse,
491 980 556 1039 sive
568 980 662 1059 impar
672 978 793 1038 militum
805 978 901 1039 ardori
913 997 1039 1061 pugnarn
1049 976 1097 1039 de·

99 1064 289 1143 poscentium.
320 1062 384 1124 Nec
396 1065 448 1124 ulli
460 1081 576 1144 pugnae
589 1062 671 1123 affuit
681 1061 868 1141 substititque
879 1062 1011 1124 Brixelli.

61 1168 88 1209 rc
160 1145 198 1207 lit
210 1146 300 1207 tribus
311 1148 426 1226 quidem
446 1166 547 1208 verum
564 1146 761 1207 mediocribus
782 1148 895 1226 proelis
914 1146 991 1228 apud
1004 1145 1099 1227 Alpes

97 1234 232 1310 circaque
242 1232 418 1293 Placentiam
430 1242 459 1293 et
469 1231 506 1293 ad
519 1231 660 1307 Castoris,
674 1231 751 1310 quod
763 1231 830 1292 loco
851 1251 957 1294 nomen
973 1241 1036 1311 est,
1056 1231 1098 1292 ui·

98 1318 152 1383 cit;
168 1316 327 1374 novissimo
344 1319 527 1393 maximoque
548 1315 624 1394 apud
641 1315 806 1377 Betriacum
824 1317 925 1379 fraude
943 1324 1098 1397 superatus

98 1409 153 1474 est,
166 1416 230 1457 cum
241 1415 296 1477 spe
308 1398 456 1477 conloquii
471 1399 563 1474 facta,
577 1399 661 1474 quasi
673 1398 708 1457 ad
724 1398 919 1461 conditionem
933 1403 1013 1479 pacis
1027 1399 1098 1459 mili·

97 1481 175 1542 tibus
188 1481 310 1557 eductis,
324 1481 521 1560 exinproviso
534 1488 621 1558 atque
636 1480 666 1536 in
685 1483 750 1559 ipsa
771 1483 1001 1542 consalutatione
1019 1482 1099 1541 dimi·

63 1565 221 1626 ascendum
232 1566 345 1625 fuisset.
377 1565 424 1625 Ac
440 1565 533 1625 statim
552 1561 693 1622 moriendi
712 1565 849 1642 impetum
861 1567 957 1643 cepit,
974 1573 1005 1624 ut
1020 1565 1100 1627 multi

98 1669 154 1710 nec
169 1651 274 1710 frustra
287 1651 452 1729 opinantur,
465 1650 559 1726 magis
572 1645 685 1728 pudore
697 1655 821 1707 uetante
833 1666 929 1708 rerum
940 1648 1098 1710 homiuum·

98 1754 155 1814 que
167 1735 298 1815 periculo
311 1734 535 1795 dominationem
547 1731 603 1793 sibi
616 1749 752 1793 asserere
773 1741 996 1812 perseveraret,
1016 1751 1100 1812 quarn

98 1819 305 1900 desperatione
316 1818 374 1880 ulla
388 1828 436 1881 aut
447 1818 608 1879 diffidentia
616 1819 782 1898 copiarum;
797 1819 908 1898 quippe
919 1816 1045 1878 residuis
1057 1818 1100 1877 in·

97 1906 248 1982 tegrisque
260 1907 347 1964 etiarn
360 1923 435 1964 nuuc
448 1922 519 1983 quas
532 1920 632 1964 secum
645 1902 681 1964 ad
701 1902 846 1963 secundos
867 1921 952 1963 casus
972 1901 1099 1963 detinue-

61 2006 89 2050 rc
99 1997 153 2064 rat,
167 1997 195 2047 et
207 1987 479 2067 supervenientibus
492 1988 555 2049 aliis
574 1986 744 2048 eDalmatia
753 1986 959 2066 Pannoniaque
977 1997 1007 2048 et
1018 1987 1098 2049 bloe-

106 2075 159 2150 sia,
171 2090 208 2131 ne
218 2074 305 2132 victis
316 2071 431 2151 quidem
441 2071 514 2131 adeo
527 2071 641 2132 afflictis
653 2080 683 2131 ut
699 2089 757 2130 uon
772 2074 802 2131 iu
817 2071 955 2132 ultionem
976 2075 1097 2150 ignomi-

96 2158 163 2217 niae
176 2155 289 2235 qnidvis
302 2155 475 2216 discriminis
491 2154 566 2215 ultro
579 2163 608 2214 et
619 2155 668 2215 vel
681 2155 764 2215 solae
775 2155 914 2216 subirent.

159 2239 292 2301 Interfuit
307 2240 373 2301 buic
389 2239 469 2299 bello
486 2248 568 2319 pater
581 2256 663 2299 meus
682 2239 837 2300 Suetonius
852 2240 975 2318 Laetus,
995 2242 1097 2301 tertiae
1105 2248 1140 2303 10

98 2325 229 2386 decimae
241 2326 368 2402 legionis
381 2323 511 2385 tribunus
528 2323 766 2401 augusticlavius.
789 2324 818 2385 Is
830 2342 899 2385 mox
909 2324 1022 2385 referre
1036 2342 1098 2385 cre·

64 2409 154 2470 arbro
174 2409 298 2486 solebat,
315 2409 458 2469 Othonem
470 2409 557 2468 etiam
570 2408 710 2488 privatum
721 2426 814 2488 usque
835 2409 909 2471 adeo
927 2409 1099 2471 detestatum

103 2492 199 2554 civilia
211 2511 302 2571 arma,
318 2503 348 2554 nt
358 2496 536 2554 memorante
549 2491 673 2571 quodam
685 2494 760 2554 inter
769 2494 873 2574 epulas
885 2493 921 2555 de
932 2490 1017 2555 Cassi
1029 2494 1097 2555 Bru·

57 2627 62 2637 .
100 2579 180 2658 tique
194 2579 273 2638 exitu
291 2577 488 2647 cohorruerit;
506 2596 563 2638 nec
581 2595 787 2640 concursurum
803 2597 868 2640 cum
884 2577 974 2640 Galba
994 2578 1096 2656 fuisse,
1159 2618 1162 2624 -

100 2664 156 2723 uisi
173 2662 334 2724 confideret
351 2664 414 2724 siue
425 2661 505 2722 bello
524 2680 587 2722 rem
602 2664 724 2740 transigi
740 2681 843 2742 posse;
865 2673 932 2724 tunc
946 2660 981 2723 ad
1000 2662 1096 2744 despi-

101 2747 231 2808 ciendam
254 2749 342 2809 vitam
362 2747 499 2827 exemplo
516 2747 702 2827 manipularis
720 2749 819 2809 militis
839 2749 1030 2825 concitatum,
1049 2749 1097 2827 qui

63 2847 90 2892 so
102 2851 166 2893 cum
177 2832 290 2894 cladem
304 2834 451 2893 exercitus
465 2835 609 2893 nuntiaret
619 2851 675 2893 uec
687 2835 821 2913 cuiquam
831 2831 916 2892 fidem
928 2831 1050 2910 faceret,
1062 2850 1098 2892 ac

99 2936 175 2978 nuuc
185 2918 316 2979 mendaci
327 2935 402 2978 nunc
414 2918 524 2977 timoris
538 2919 619 2995 quasi
631 2917 757 2994 fugisset
775 2936 813 2977 ex
831 2918 894 2977 acic
914 2924 1097 2993 argueretur,

99 3001 198 3081 gladio
211 3011 277 3064 ante
291 3001 382 3080 pedes
394 3003 456 3062 eius
468 3000 639 3062 incubuerit.
661 2999 726 3061 Hoc
737 3004 801 3062 viso
819 3000 1018 3081 proclamasse
1033 3017 1098 3061 cum
1145 3018 1156 3033 “

100 3086 208 3169 aiebat,
219 3104 277 3146 non
289 3086 412 3165 amplius
425 3102 458 3146 se
470 3085 499 3144 in
512 3085 671 3164 periculum
682 3084 749 3146 talis
760 3096 874 3165 tamque
889 3084 965 3144 bene
976 3085 1094 3145 meritus

93 3173 307 3233 coniecturum.

63 3275 90 3320 ss
162 3253 292 3317 Fratrem
303 3254 392 3333 igitur
408 3254 564 3333 fratrisque
575 3253 663 3314 lilium
680 3263 710 3315 et
725 3253 857 3332 singulos
876 3253 1031 3314 amicorum
1046 3268 1092 3314 cc

97 3343 181 3405 horta
196 3359 229 3401 us
241 3349 271 3400 ut
282 3338 337 3399 sibi
349 3339 472 3419 quisque
488 3357 540 3419 pro
552 3339 689 3399 facultate
707 3338 887 3414 consuleret,
905 3336 940 3396 ab
961 3337 1092 3418 amplexu

99 3437 129 3488 et
140 3424 244 3490 osculo
256 3442 309 3485 suc
324 3422 430 3483 dimisit
442 3424 544 3499 omnis,
557 3431 732 3502 secretoque
745 3432 833 3502 capto
845 3421 930 3481 binos
943 3421 1088 3484 codicillor

105 3518 233 3572 eppe-apl
257 3507 292 3556 ἰδ
314 3524 436 3552 πωπω
446 3506 666 3560 sananim-tna
690 3503 942 3557 assellismltnan
957 3505 1078 3552 masnata
