2334 3870
262 483 306 566 c.
335 482 572 566 sonnonr
595 483 940 573 unumunurm

110 652 232 753 Dm
285 649 518 752 VITA
567 649 1087 756 CAESARUM

475 851 617 917 LIBER
639 851 722 916 IIII.

393 1012 427 1085 O.
463 1010 803 1084 eanmund.

66 1373 80 1412 s
159 1346 363 1419 Germanicus,
383 1341 416 1401 C.
440 1341 575 1401 Caesaris
596 1353 696 1420 pater,
717 1346 804 1406 Drusi
823 1356 852 1406 et
872 1350 991 1408 minoris
1007 1349 1130 1418 Anto-1

96 1433 161 1489 niae
177 1428 263 1503 iulius,
278 1446 293 1487 a
306 1426 425 1486 Tiberio
441 1433 545 1503 patruo
561 1424 725 1503 adoptatus,
743 1438 926 1505 quaesturam
941 1431 1099 1507 quinquen·

96 1517 144 1573 nio
170 1521 236 1572 ante
261 1529 343 1590 quam
366 1528 420 1589 per
440 1509 526 1586 leges
549 1509 654 1568 liceret
681 1518 710 1568 et
739 1520 808 1589 post
834 1528 897 1570 eam
924 1511 1102 1572 consulatum

96 1599 190 1657 statim
203 1599 306 1674 gessit,
323 1596 486 1672 missusque
499 1592 534 1654 ad
551 1593 711 1653 exercitum
726 1595 755 1655 in
768 1593 960 1671 Germaniam,
977 1613 1103 1657 excessu

94 1682 220 1758 Augusti
237 1682 375 1754 nuntiato,
392 1678 527 1756 legiones
542 1678 710 1756 universas,
733 1683 940 1759 imperatorem
957 1678 1103 1739 Tiberium

59 1785 85 1826 ro
95 1766 328 1847 pertinacissime
340 1764 502 1824 recusantis
516 1772 545 1823 et
557 1762 612 1822 sibi
626 1782 764 1825 summam
779 1765 823 1824 rei
839 1782 868 1843 p.
886 1763 1046 1824 deferentis
1061 1766 1102 1823 in·

95 1859 206 1911 certum
222 1851 331 1927 pietate
345 1867 381 1908 an
398 1849 559 1908 constantia
574 1849 685 1908 maiore
703 1850 896 1928 compescuit,
914 1858 1001 1927 atque
1015 1847 1103 1908 hoste

93 1952 163 1995 mox
183 1932 299 1992 deviem
321 1931 516 2011 triumphavit.
548 1930 658 1992 Consul
679 1933 782 1993 deinde
805 1934 907 1993 iterum
929 1943 1045 1994 creatus
1066 1951 1102 1994 ac

95 2021 176 2099 prius
196 2035 280 2095 quam
294 2016 434 2076 honorem
450 2016 535 2074 iniret
553 2015 588 2075 ad
605 2017 837 2096 componendum
853 2016 980 2078 Orientis
996 2028 1101 2079 statum

96 2102 250 2182 expulsus,
273 2118 337 2160 cum
351 2099 507 2159 Armeniae
522 2117 624 2176 regem
646 2100 821 2178 devicisset,
839 2100 1057 2181 Cappadociam
1071 2106 1100 2162 in

59 2207 86 2249 ss
98 2187 270 2266 provinciae
284 2185 406 2244 formam
423 2182 606 2260 redegisset,
623 2202 725 2244 annum
742 2204 834 2263 agens
850 2187 954 2246 aetatis
970 2194 1100 2263 quartum

96 2282 125 2331 et
148 2272 344 2330 tricensimum
368 2269 501 2328 diuturno
524 2268 626 2328 morbo
641 2268 816 2330 Antiochiae
842 2270 929 2346 obiit,
953 2286 1011 2329 non
1038 2270 1100 2329 sine

95 2355 202 2416 veneni
223 2356 400 2434 suspicione.
433 2350 506 2412 Nam
529 2361 647 2427 praeter
668 2352 794 2431 livores,
821 2357 868 2433 qui
890 2363 953 2414 toto
972 2370 1100 2433 corpore

96 2449 188 2516 erant,
204 2448 233 2498 et
249 2456 382 2518 spumas,
404 2456 478 2516 quae
495 2456 549 2517 per
564 2455 598 2497 os
612 2437 754 2514 fluebant,
773 2440 892 2499 cremati
914 2456 1030 2517 quoque
1048 2455 1100 2498 cor

95 2527 170 2586 inter
184 2541 252 2584 ossa
264 2526 462 2602 incorruptum
472 2530 620 2601 repertum
633 2532 692 2583 est:
704 2524 785 2582 cuius
797 2542 831 2583 ea
843 2533 943 2583 natura
954 2523 1098 2583 existima·

57 2627 85 2669 to
95 2619 151 2684 tur,
166 2617 196 2668 ut
210 2609 328 2669 tinctum
343 2625 458 2669 veneno
474 2609 544 2684 igne
562 2608 667 2668 coniici
683 2617 818 2686 nequeat.
854 2606 931 2667 Obiit
946 2617 1049 2685 autem,
1065 2617 1094 2667 ut
1116 2619 1133 2672 2

96 2694 195 2772 opinio
216 2693 285 2771 iuit,
312 2693 414 2753 fraude
429 2691 544 2770 Tiberi,
566 2692 724 2752 ministerio
741 2701 770 2752 et
786 2710 878 2773 opera
896 2690 956 2751 ΟΝ.
973 2691 1098 2770 Pisonis,

95 2780 144 2857 qui
165 2777 217 2836 sub
248 2778 323 2838 idem
350 2787 462 2855 tempus
488 2778 590 2852 Syriae
614 2779 817 2855 praepositus,
838 2795 894 2835 nec
916 2776 1098 2836 dissimulans

96 2862 299 2922 offendendum
320 2861 375 2921 sibi
396 2870 445 2921 aut
466 2871 578 2940 patrem
603 2870 650 2921 aut
668 2861 770 2937 iiiium,
793 2861 875 2939 quasi
892 2860 979 2939 plane
995 2861 1034 2919 ita
1048 2878 1098 2919 ne·

96 2964 182 3006 cesse
200 2956 290 3021 esset,
304 2947 389 3006 etiam
406 2963 527 3022 aegrum
541 2946 740 3007 Germanicum
753 2947 931 3022 gravissimis
941 2944 1098 3005 verborum

57 3045 130 3090 tuac
149 3049 245 3090 rerum
258 3029 464 3090 acerbitatibus
484 3029 564 3089 nullo
582 3029 709 3089 adhibito
728 3029 815 3090 modo
833 3030 953 3100 adfecit;
975 3036 1099 3108 propter

95 3133 179 3194 quae,
199 3123 228 3174 ut
246 3115 367 3175 Romam
382 3113 476 3191 rediit,
499 3131 594 3191 paene
613 3113 777 3192 discerptus
795 3132 812 3174 a
831 3114 950 3193 populo,
963 3131 980 3173 a
995 3120 1097 3173 senatu

95 3200 201 3277 capitis
225 3199 372 3258 damnatus
388 3206 442 3258 est.
488 3195 595 3258 Omnes
611 3196 782 3258 Germanico
801 3200 936 3278 corporis
952 3197 1094 3275 animique
1111 3204 1130 3259 8

93 3285 224 3360 virtutes,
238 3292 266 3342 et
285 3291 406 3361 quantas
426 3282 532 3342 nemini
545 3282 686 3361 cuiquam,
704 3284 863 3360 contigisse
881 3282 950 3343 satis
967 3290 1095 3342 constat:

93 3367 214 3428 formam
230 3376 259 3427 et
280 3367 476 3427 fortitudinem
493 3368 657 3444 egregiam,
682 3367 828 3444 ingenium
849 3368 878 3425 in
895 3375 1019 3444 utroque
1034 3365 1096 3425 elo·
