2286 3862
412 111 516 159 nrvos
535 110 723 159 noeoeane.
1024 105 1064 165 57

63 278 108 326 ter
125 265 262 327 exhibuit.
296 263 370 324 Nam
385 272 414 323 et
428 266 545 326 invecta
560 264 623 325 urbi
638 265 837 327 Alexandrino
859 266 1001 346 triumpho
1019 287 1064 330 re-

63 352 111 428 gia
126 367 199 428 gaza
213 357 319 408 tantam
333 347 446 426 copiam
462 350 636 411 nummariae
648 351 692 410 rei
707 350 816 427 effecit,
832 359 863 409 nt
877 351 1000 412 foenore
1015 352 1065 413 de·

63 436 169 494 minuto
183 432 335 512 plurimum
347 447 485 507 agrorum
501 433 602 510 pretiis
618 437 795 512 accesserit,
817 443 848 494 et
868 444 971 513 postea
994 453 1064 515 quo·

43 514 137 578 ‘tiens
153 537 191 577 ex
206 513 504 576 damnatorumbonis
523 519 646 594 pecunia
666 519 875 598 superflueret,
899 537 980 579 usum
1003 520 1065 579 eius

40 605 218 679 sgratuitum
233 601 269 659 iis
285 599 334 678 qui
350 616 456 659 cauere
478 601 507 658 in
530 599 646 678 duplum
666 612 789 680 possent
810 601 848 662 ad
865 611 973 663 certum
985 612 1064 663 item·

61 705 117 764 pus
136 683 260 744 indulsit.
295 684 467 743 Senatorum
489 700 607 742 censum
628 685 774 764 ampliavit
794 706 830 748 ac
846 704 901 766 pro
916 687 1064 764 octingen-

61 780 157 828 torum
170 767 280 827 milium
302 783 411 828 summa
430 767 591 827 duodecies
606 770 742 828 sestertio
757 772 881 847 taxavit,
905 771 1064 850 supplevit-

63 871 119 930 que
135 869 193 912 non
208 849 390 912 habentibus.
425 850 583 927 Congiaria
599 851 708 930 populo
725 853 893 931 frequenter
908 854 996 932 dedit,
1012 853 1065 915 sed

61 937 197 997 diversae
212 935 277 994 lere
288 952 435 995 summae:
451 934 539 995 modo
556 934 787 1013 quadringenos,
809 936 896 996 modo
917 948 1064 1013 trecenos,

23 1037 51 1078 eo
60 1036 271 1096 nonnumquam
292 1017 421 1079 ducenos
442 1019 723 1097 quinquagenosque
740 1037 888 1089 nummos;
911 1039 945 1082 ac
961 1021 1066 1081 memi-

60 1122 149 1164 nores
166 1103 281 1181 quidem
293 1119 402 1181 pueros
415 1103 574 1180 praeteriit,
593 1104 724 1181 quamvis
736 1105 850 1164 nonnisi
862 1104 899 1164 ab
915 1102 1065 1165 undecimo

61 1189 163 1248 aetatis
185 1204 260 1246 anno
284 1189 423 1265 accipere
447 1197 648 1248 consuessent.
687 1186 870 1249 Frumentum
895 1206 1011 1268 queque
1036 1189 1065 1247 in

61 1289 193 1331 annonae
208 1269 426 1330 difficultatibus
442 1288 532 1349 saepe
544 1271 703 1349 levissimo,
718 1272 859 1333 interdum
873 1274 952 1333 nollo
970 1273 1065 1350 pretio

64 1355 167 1413 viritim
181 1353 335 1413 admensus
353 1361 600 1430 esttesserasqne
615 1358 786 1415 nummarias
804 1354 972 1433 duplicavit.
1007 1354 1065 1414 Sed
1073 1365 1108 1417 42

27 1457 53 1497 15
64 1447 94 1497 ut
109 1435 256 1497 salubrem
273 1437 366 1512 magis
383 1453 467 1513 qnam
485 1434 666 1496 ambitiosum
683 1439 846 1516 principem
863 1440 971 1513 scires,
997 1455 1065 1515 quc·

62 1531 173 1581 rentem
190 1521 226 1580 de
241 1520 338 1598 inopia
354 1528 383 1579 et
399 1521 519 1578 caritate
533 1520 593 1579 vini
614 1520 753 1599 populum
776 1521 959 1582 severissima
982 1537 1064 1582 ocer-

64 1607 120 1666 cuit
136 1623 228 1681 voce,
244 1604 324 1664 sotir
337 1603 499 1682 prouisum
514 1621 535 1664 o
548 1621 662 1683 genero
678 1622 735 1665 aco
751 1603 895 1684 Agrippa
906 1606 1066 1684 pandectis

59 1689 204 1768 pluribus
228 1688 334 1768 cquis,
361 1706 400 1748 me
423 1687 561 1748 bomiscos
583 1688 713 1750 sitirent.
749 1689 850 1750 Eidem
872 1689 982 1768 populo
998 1708 1065 1770 pro·

62 1776 179 1834 missum
194 1772 309 1852 quidem
327 1772 506 1849 congiarium
521 1775 708 1850 reposcenti,
733 1772 833 1834 bonae
854 1791 889 1834 ce
908 1773 983 1851 fidei
999 1792 1066 1835 ease

25 1857 229 1936 aorespondit3
258 1874 316 1917 nou
343 1857 516 1934 promissum
536 1865 631 1917 autem
651 1857 791 1934 flagitanti
813 1858 1016 1937 turpitudinem
1037 1867 1066 1918 et

62 1941 265 2020 impudentiam
281 1940 376 2001 edicto
391 1939 581 2018 exprobrauit
601 1941 825 2020 affirmauitque,
844 1961 906 2004 ooo
920 1942 1065 2004 domnum

62 2044 97 2086 ae
121 2024 261 2104 quemuis
282 2023 361 2083 dure
383 2023 562 2085 decimaret.
606 2024 670 2085 Nec
690 2027 800 2085 minore
821 2029 962 2102 gravitate
977 2035 1064 2105 atque

64 2109 241 2185 constantia,
268 2126 331 2168 cum
346 2109 499 2186 proposito
517 2109 667 2186 congiario
689 2109 794 2170 multos
815 2111 1004 2171 manumissos
1023 2111 1064 2170 in·

64 2202 218 2271 certosque
241 2194 345 2253 civium
368 2209 488 2252 numero
518 2194 722 2271 comperisset,
749 2195 868 2271 negarit
892 2203 1066 2273 accepturos

26 2294 53 2334 as
65 2276 168 2357 quibus
183 2277 355 2355 promissum
370 2295 428 2336 non
447 2286 543 2354 esset,
567 2277 732 2356 ceterisque
754 2279 846 2337 miuus
860 2295 945 2357 quam
961 2277 1065 2355 promi·

63 2371 143 2422 serat
158 2361 247 2438 dedit,
262 2371 292 2422 ut
308 2361 451 2422 destinata
465 2380 572 2422 summa
589 2361 748 2422 sufficeret.
771 2362 876 2439 Magna
888 2377 960 2420 vero
976 2379 1066 2439 quon·

63 2446 127 2507 dam
143 2445 296 2506 sterilitate
310 2465 346 2507 ac
362 2444 472 2507 difficili
487 2445 633 2522 remedio,
651 2464 714 2505 cnm
730 2445 889 2507 venalicias
907 2455 936 2506 et
951 2445 1064 2505 lanista-

61 2549 124 2591 rum
140 2530 262 2590 lamilias
277 2530 510 2609 peregrinosque
525 2548 636 2606 omnes,
652 2532 786 2609 exceptis
801 2529 921 2590 medicis
936 2537 965 2588 et
981 2546 1064 2608 prae·

65 2614 244 2693 ceptoribus,
259 2615 421 2694 partimque
437 2615 619 2674 servitiorum
633 2613 705 2673 orbe
717 2614 891 2694 expulisset;
907 2623 937 2674 ut
951 2612 1065 2673 tandem

26 2715 52 2757 ao
64 2716 176 2758 annona
195 2698 348 2776 conualuit,
363 2699 506 2777 impetam
520 2716 556 2758 ae
567 2696 687 2776 cepisse
698 2699 798 2759 scribit
810 2696 1066 2776 frumentationes

61 2780 207 2859 publicus
220 2782 253 2842 im
268 2789 450 2860 perpetuum
464 2781 627 2858 abolendi,
647 2782 731 2862 quod
744 2799 851 2844 curum
863 2781 983 2861 fiducie
1000 2779 1062 2841 ccl-

63 2871 136 2925 tarc
158 2883 305 2944 aprocmm
328 2872 481 2928 caecaret.-
503 2883 601 2946 meque
621 2873 723 2927 tamem
733 2884 971 2945 permensum,
992 2863 1066 2944 quio

64 2954 179 3009 certum
194 2948 323 3011 baberet
336 2958 409 3028 post
422 2969 457 3010 ae
473 2968 533 3029 per
554 2949 749 3012 ambitionem
772 2951 957 3031 quandoque
968 2946 1063 3009 neati-

63 3032 116 3093 tui.
162 3033 259 3112 Atque
287 3036 326 3094 ita
352 3033 474 3113 posthae
499 3053 561 3095 rem
576 3036 768 3114 temperavit,
795 3044 902 3097 utnon
927 3032 1065 3093 minorem

20 3129 53 3202 ι35
63 3126 208 3178 aratorum
225 3136 261 3178 ae
276 3119 482 3195 negotiantium
498 3136 582 3197 quam
597 3118 697 3198 populi
713 3120 856 3180 rationem
871 3118 1037 3180 deduceret.

127 3202 366 3281 Spectaculorum
383 3212 411 3262 et
428 3202 595 3263 assiduitate
609 3211 639 3262 et
653 3203 794 3264 varietate
811 3213 840 3264 et
852 3199 1108 3280 magnificentiam

64 3303 164 3346 omnes
180 3287 347 3347 antecessit.
384 3285 559 3347 Faciamus
573 3285 664 3348 ludos
681 3288 720 3349 ait
731 3305 791 3349 suo
805 3288 927 3349 nomme
944 3289 1062 3366 quater,

61 3387 121 3448 pro
141 3370 214 3431 aliia
228 3369 481 3452 magistratibus,
497 3371 551 3451 qai
564 3377 620 3431 oct
634 3370 780 3433 obcecant
793 3378 848 3433 out
862 3391 924 3434 non
940 3366 1062 3446 suffice-
