2334 3870
205 181 279 225 LXII
543 171 752 219 PRAEFATIO.

207 338 307 407 diano,
328 343 357 390 ut
380 351 416 388 ex
437 331 576 388 simillimo
600 333 694 403 aliquo
719 330 781 385 eius
799 330 982 386 descendisse
1008 332 1129 392 illide-

204 421 298 477 beant.
342 417 464 489 Namque
486 417 512 472 is
532 416 609 472 solus
627 416 660 470 de
678 414 768 469 tribus
790 431 818 485 p.
835 419 904 480 260,
919 421 953 473 25
974 432 1126 487 prumano-

205 506 274 574 u'ca,
290 522 317 576 p.
332 507 402 572 264,
424 507 458 560 36
475 501 634 571 superiore,
655 516 682 570 p.
699 502 768 568 266,
783 502 818 555 14
836 497 934 568 verbo,
958 516 1036 570 quae
1055 521 1129 562 vera·

206 594 285 658 suut,
309 603 369 642 cum
390 583 582 641 deterioribus
598 583 679 638 libris
699 581 839 653 servavit3
867 581 934 636 item
956 584 1040 641 solus
1062 605 1125 644 cum

204 672 264 728 illis
284 674 354 728 haec
376 673 509 740 corrupta
533 685 560 739 p.
584 670 796 736 259,11tam,
819 671 852 724 13
875 667 960 736 ipsis,
988 675 1024 728 15
1041 673 1126 744 alias,

204 774 233 828 p.
248 760 312 825 264,
333 762 349 813 5
370 752 507 824 improbi,
529 769 557 823 p.
573 756 641 819 271,
659 754 692 809 16
713 751 881 818 odoranter,
898 755 926 804 et
947 750 1125 827 interpolata

204 857 232 911 p.
248 845 315 908 262,
331 844 367 898 38
381 843 421 903 et,
442 853 468 907 p.
485 841 555 906 264,
571 841 603 894 11
618 835 741 904 domino,
764 839 793 889 et
807 832 940 890 omissum
955 853 983 907 p.
1000 843 1073 910 265,
1092 848 1126 902 19

201 939 320 994 puerum
337 920 479 984 ostendit;
495 918 615 990 denique
630 936 657 990 p.
679 922 741 988 267,
758 922 790 973 11
805 917 910 973 omisso
926 918 1075 978 inordina
1095 931 1125 980 et

204 1008 335 1080 suppleto
352 1007 386 1061 ad
401 1004 554 1074 marginem
567 1001 705 1058 vocabulo
720 1016 829 1070 omues,
846 1007 875 1055 et
888 1019 916 1073 p.
934 1009 1052 1074 266,14
1068 1009 1119 1063 ulii

203 1090 317 1146 Latinos
330 1091 416 1145 habet
429 1088 457 1142 in
473 1087 588 1156 ordine,
609 1085 706 1140 Latine
727 1120 732 1130 ·
741 1086 767 1156 s·
803 1087 831 1140 in
849 1086 994 1158 margine,
1009 1087 1121 1145 dotari-

205 1190 283 1231 orum
301 1174 435 1228 librorum
450 1170 640 1226 diversitatem
654 1169 766 1226 facilem
781 1169 875 1225 reddit
891 1171 1046 1242 explicatu.

268 1257 310 1311 lto
325 1255 396 1328 ipsis
414 1254 495 1310 libris
511 1255 647 1325 probatae
664 1253 729 1309 fidoi
744 1253 834 1310 tribus
844 1254 993 1310 Leidensis
1008 1257 1121 1315 minime

203 1357 289 1412 saepe
307 1340 453 1396 erroribus
468 1338 594 1393 turbatus
610 1344 671 1408 est,
688 1339 739 1392 sed
760 1355 794 1393 na
812 1339 838 1394 is
853 1338 964 1409 quidem
980 1345 1042 1397 tam
1061 1343 1117 1399 sin·

204 1439 287 1480 cerus
302 1430 340 1495 ut,
356 1423 403 1479 ubi
419 1422 498 1478 solus
515 1428 611 1479 contra
623 1422 749 1493 reliquos
761 1439 858 1481 omnes
872 1426 937 1492 stat,
955 1423 982 1478 ei
1000 1425 1126 1484 maxima·

204 1509 413 1565 concedendum
429 1523 492 1562 esse
506 1504 643 1563 videatur.
687 1505 754 1562 Nam
771 1507 818 1578 qui
834 1522 895 1562 eum
912 1523 965 1578 pro
982 1510 1124 1581 primario

203 1594 326 1649 habeant
347 1599 374 1648 et
395 1597 532 1662 tamquam
549 1591 722 1662 reliquorum
738 1591 858 1646 omnium
873 1595 1022 1662 parentem
1037 1611 1122 1652 rore-

205 1684 329 1744 reantur,
345 1677 399 1731 iam
420 1675 512 1730 nullos
528 1674 614 1729 hodie
631 1690 694 1730 esse
710 1674 805 1744 video,
822 1679 850 1729 et
864 1690 932 1730 sane
948 1675 1121 1748 deponenda

203 1760 270 1814 talis
291 1759 387 1830 opinio
411 1758 463 1812 luit
484 1757 519 1811 de
544 1756 643 1812 codice
666 1774 701 1811 ue
720 1757 808 1812 semel
828 1757 940 1829 quidem
960 1762 1121 1836 exscripto.

202 1841 341 1897 Pantanus
357 1841 443 1911 igitur
461 1857 541 1896 omne
557 1840 690 1896 vitiorum
705 1857 795 1912 genus
812 1842 937 1898 librariis
952 1853 1122 1907 consuetum

201 1925 252 1981 sed
267 1941 331 1982 raro
351 1923 498 1981 commisit.
542 1924 680 1983 Nonnulla
703 1925 860 1982 festinando
877 1927 1033 1998 depravata
1056 1931 1122 2004 ipsa

202 2009 369 2080 emendavit,
383 2016 414 2064 ut
429 2025 456 2080 p.
473 2014 535 2078 267,
551 2014 577 2066 4.
601 2015 664 2079 269,
679 2015 731 2075 21;
747 2015 791 2070 34.
813 2017 876 2081 260,
892 2019 927 2076 5;
942 2018 986 2072 35.
1011 2019 1078 2086 262,
1093 2025 1123 2076 5.

200 2097 263 2162 264,
282 2099 328 2158 l2;
343 2098 393 2158 243
413 2096 457 2152 27.
478 2099 541 2164 266,
556 2100 599 2152 20.
616 2099 678 2165 269,
691 2099 742 2159 28;
758 2094 858 2166 quibus
875 2095 948 2156 locis
964 2096 1122 2171 discipulis,

194 2182 347 2248 pareutum
362 2183 527 2244 nostrorum,
538 2177 669 2250 Opimius,
682 2179 756 2235 duos
772 2180 885 2251 litteras,
897 2188 1122 2254 peremptorum,

200 2261 336 2334 copimus,
358 2270 383 2318 et
397 2264 566 2336 doctrinam,
587 2265 745 2334 uersiculis,
767 2264 948 2319 euerritundo
961 2264 1121 2324 docentium

202 2361 318 2421 periero,
331 2349 420 2420 fitium
435 2351 586 2421 comitatus,
602 2348 725 2403 absoluto
742 2352 912 2421 properante
925 2348 1033 2407 calamo
1044 2352 1122 2410 sori-

204 2438 251 2504 pta
268 2432 331 2504 ipse
350 2433 388 2488 ita
415 2434 538 2488 restituit
555 2433 595 2486 uti
613 2432 687 2502 apud
711 2446 763 2486 nos
786 2431 925 2503 leguntur.
969 2433 1035 2491 ntia
1059 2452 1121 2494 non

205 2515 330 2569 correxit
346 2521 443 2587 aperte
466 2516 500 2570 ab
525 2515 589 2586 ipso
612 2520 747 2585 peccata,
769 2520 799 2569 ut
815 2534 842 2589 p.
860 2523 927 2588 258,
942 2523 976 2578 26
993 2517 1118 2585 Laeua,

203 2613 230 2668 p.
251 2601 320 2665 260,
335 2605 352 2656 9
365 2597 476 2662 Diouis.
494 2614 520 2668 p.
539 2603 607 2668 261,
623 2601 656 2654 14
679 2596 804 2667 Varoue,
821 2619 848 2672 p.
865 2607 927 2672 263,
944 2609 979 2661 10
994 2602 1122 2676 Crateri,

202 2696 230 2751 p.
247 2685 314 2748 269,
332 2688 362 2738 15
379 2695 536 2737 unaseenos
555 2686 580 2736 et
595 2687 773 2755 eatoaeeuos,
795 2703 822 2756 p.
840 2692 902 2757 270,
919 2693 954 2746 10
966 2686 1117 2760 Atrocino,

202 2778 255 2817 nec
273 2763 404 2819 omissum
424 2783 451 2837 p.
468 2770 531 2835 267,
553 2772 570 2825 3
591 2768 716 2838 quicum
732 2770 883 2841 supplevit.
928 2769 994 2826 Turn
1015 2773 1117 2831 conie-

203 2846 303 2903 rtando
320 2864 431 2920 quoqne
445 2849 594 2905 Pontanum
610 2851 762 2909 indulsisse
781 2856 903 2927 produnt
915 2872 998 2927 supra
1014 2857 1118 2928 pristi-

212 2947 262 2985 =am
279 2931 444 3004 scripturam
460 2934 553 2989 addita
574 2937 659 2991 haec:
678 2955 706 3010 p.
727 2943 790 3010 267,
809 2944 825 2998 7
842 2945 934 2996 notum
953 2945 993 2994 eat
1005 2956 1056 3012 ac,
1079 2947 1120 3002 23

209 3019 393 3087 correctorem,
410 3024 444 3078 28
458 3018 567 3075 Verrius
583 3027 609 3075 et
621 3018 653 3087 Q.
676 3040 704 3095 p.
714 3028 776 3094 262,
792 3031 826 3084 36
840 3024 971 3096 Miretur,
986 3042 1014 3097 p.
1025 3031 1116 3098 265,9

213 3104 228 3120 '¹
241 3100 269 3154 in
284 3101 326 3169 iis,
342 3119 368 3172 p·
386 3108 453 3173 266,
468 3109 503 3161 20
517 3108 670 3175 textrinam,
693 3125 721 3180 p.
738 3114 807 3179 271,
823 3114 856 3169 17
871 3109 1006 3166 adornate
1020 3115 1116 3182 utne,

213 3201 231 3237 o
243 3201 272 3257 p.
290 3189 357 3254 262,
372 3193 404 3244 31
421 3188 468 3243 ubi
483 3193 638 3261 peorpustio
653 3210 671 3246 o
692 3189 812 3267 γεωργῶ
828 3193 886 3247 eolo
900 3198 1006 3247 terram
1024 3211 1113 3267 repo-

211 3269 319 3324 ·endum
336 3286 400 3326 esse
423 3272 601 3330 existimavit.
646 3276 735 3332 Etiam
755 3277 782 3331 in
805 3271 895 3328 libelli
917 3273 999 3332 titulo
1020 3279 1113 3337 verba

213 3348 244 3404 le
254 3356 320 3408 uiros
335 3354 484 3411 illustratos
500 3357 567 3414 iiber
583 3365 610 3415 et
627 3358 804 3416 Grammatici
815 3356 936 3412 illustres
952 3361 1017 3430 quiin
1035 3363 1112 3420 idem

209 3433 335 3488 rddidnrit
375 3439 494 3480 tntum
509 3459 564 3488 nnn
584 3445 669 3484 εἴητ’
695 3460 713 3480 o·
749 3457 783 3483 ¹¹¹¹
801 3456 807 3472 .
824 3437 894 3480 ’ὢν
911 3458 937 3500 ι),
954 3449 1005 3503 ‘188
1033 3464 1114 3504 prpe..
