2286 3862
408 199 615 248 PRAEFATIO.
847 201 968 249 LXXVI}

59 364 189 421 istirnem.
233 362 276 416 hle
300 359 408 430 quidem
434 360 667 415 contradicentem
689 376 743 416 non
760 360 890 428 habebit,
915 359 962 431 qui

62 453 150 504 totum
165 462 265 519 corpus
281 443 435 500 Latinarum
450 442 604 497 litterarum
623 443 759 498 historiae
776 443 962 506 Suetonianae

63 536 169 604 septem
187 525 232 585 vel
249 535 312 584 octo
327 526 432 581 libellis
449 526 608 581 constitisse
626 526 679 581 sibi
698 526 879 597 persuaserit.

124 614 252 671 Fortasse
273 616 387 681 quaerat
406 608 506 680 aliquis
525 608 625 678 ecquid
646 615 737 664 exstat
757 608 871 678 indicii,
892 609 964 666 unde

64 699 175 753 eluceat
200 711 254 766 quo
277 692 449 764 potissimum
475 697 599 762 tempore
622 691 772 750 Suetonius
795 695 846 749 hos
873 693 963 749 libros

63 780 188 835 edidisse
211 777 354 838 videntum
384 791 473 846 neque
496 774 738 845 praetermittenda
759 783 822 832 sunt
836 793 906 848 quae
928 778 963 834 ad

64 878 125 917 eam
145 877 202 915 rem
228 859 431 916 diiudicandam
452 856 618 929 pertineant.
664 857 744 924 Quod
769 859 792 914 si
816 859 962 917 illustrium

64 945 186 999 virorum
206 944 240 998 ab
261 942 310 997 illo
332 941 498 1012 scriptorum
520 946 610 997 aetate
631 948 787 1012 postremos
811 944 962 999 contuleri-

62 1043 122 1082 mus
138 1042 197 1082 cum
212 1026 247 1082 iis
264 1041 333 1096 quos
351 1040 404 1080 non
421 1023 545 1094 scripsit,
560 1025 707 1094 probabile
722 1025 855 1080 iudicium
869 1026 962 1081 lacere

63 1109 232 1175 videbimur;
261 1110 386 1165 vivorum
414 1108 486 1162 enim
511 1107 667 1163 nominibus
692 1115 719 1162 et
741 1108 807 1164 vitis
833 1108 964 1164 abstinuit

61 1193 233 1251 necessario.

126 1275 354 1334 Commemoravit
374 1275 460 1346 igitur
490 1292 516 1345 p.
536 1280 587 1334 272
612 1274 824 1344 Quintilianum,
845 1277 961 1347 Isaeum,

61 1359 158 1415 lulium
174 1361 302 1416 Tironem
316 1360 455 1426 rhetores,
472 1373 541 1427 quos
555 1363 700 1428 antequam
715 1358 779 1413 libri
796 1359 830 1414 de
844 1360 963 1416 illustri-

61 1445 113 1497 bus
129 1443 197 1498 viris
215 1443 362 1497 ederentur
380 1440 451 1495 diem
468 1439 563 1496 obisse
582 1447 702 1511 oportet.
746 1441 802 1497 lam
815 1441 962 1508 Quintilia-

63 1542 114 1579 nus
129 1527 174 1580 vel
189 1523 347 1581 Domitiano
360 1523 405 1580 vel
419 1521 509 1578 Nerva
525 1523 679 1595 imperante
695 1524 752 1579 lato
767 1521 963 1599 concessit⁶²),

62 1609 158 1664 lsaeus
176 1610 226 1664 sub
243 1606 322 1663 initia
338 1606 511 1679 principatus
520 1606 629 1663 Traiani
646 1623 743 1662 annum
760 1608 964 1679 sexagesimum

61 1697 223 1748 excesserat
235 1698 307 1746 teste
324 1689 413 1745 Plinio
432 1690 512 1761 epist.
525 1696 553 1759 2,
566 1698 593 1761 3,
609 1699 635 1748 5.
653 1690 705 1746 clr.
721 1691 862 1748 luvenalis
874 1698 900 1762 3,
914 1697 963 1756 74;

61 1776 158 1830 lulium
177 1776 316 1845 Tironem,
336 1791 416 1844 quem
439 1774 563 1829 nonnulli
586 1775 714 1846 imperite
734 1791 794 1830 cum
818 1774 962 1832 Ciceronis

61 1857 164 1915 liberto
181 1855 247 1932 (cir.
268 1876 295 1930 p.
312 1864 373 1928 289,
393 1852 441 1929 14)
459 1858 651 1922 confuderunt,
669 1857 741 1912 idern
756 1858 861 1914 Plinius
880 1860 961 1930 epist.

58 1947 93 2011 6,
115 1949 148 2001 31
170 1950 303 1998 mortuum
321 1958 384 1997 esse
406 1941 491 1996 tradit
507 1958 566 1996 oum
585 1941 718 1997 Traianus
734 1941 762 1995 in
776 1943 862 1998 Dacia
878 1949 962 2012 esset,

60 2025 80 2078 i.
100 2041 124 2082 e.
145 2042 214 2080 anno
232 2025 341 2084 movet
360 2030 420 2083 106.
442 2024 512 2079 llinc
530 2024 686 2079 certissime
703 2024 837 2096 sequitur,
853 2032 882 2080 nt
899 2032 963 2098 post

60 2124 160 2162 annum
175 2114 225 2167 106
243 2108 271 2162 hi
288 2107 353 2161 libri
370 2107 436 2162 editi
453 2107 516 2161 sint.

124 2190 200 2245 Nunc
218 2190 364 2246 ridendum
380 2192 414 2245 de
432 2189 468 2244 iis
486 2206 555 2260 quos
574 2189 749 2260 Tranquillus
765 2206 818 2247 non
836 2191 960 2266 scripsit.

58 2273 162 2330 Eorum
177 2281 234 2329 tres
250 2274 371 2344 nomino,
389 2272 548 2327 Iuvenalem
564 2273 687 2328 Tacitum
703 2269 870 2348 Pliniumoe).
914 2277 959 2331 lu·

58 2358 167 2413 venalis
186 2357 324 2426 vitorum,
348 2373 416 2428 quas
444 2355 533 2411 editas
559 2355 624 2411 vide
649 2358 721 2427 apud
743 2355 870 2415 Ottonem
895 2361 961 2415 lahn

59 2448 155 2512 p.386,
170 2441 270 2496 nullam
286 2439 413 2496 Suetonii
428 2455 461 2495 ac
479 2455 513 2494 ne
528 2437 598 2495 satis
609 2439 720 2511 quidem
734 2447 870 2498 vetustam
880 2459 960 2521 ¹esse,

57 2525 112 2581 iam
130 2525 202 2580 inter
221 2540 315 2580 omnes
330 2527 452 2587 constat;
468 2521 595 2592 singulae
612 2521 683 2577 enim
699 2524 761 2594 plus
778 2524 903 2581 minusve
919 2527 960 2582 la-

58 2608 176 2663 bulosae
197 2613 260 2663 sunt
281 2613 308 2661 et
329 2606 402 2661 nulla
424 2606 478 2661 lida
495 2605 611 2676 dignae,
633 2621 694 2661 cunr
720 2607 755 2662 de
775 2608 837 2679 ipsa
859 2616 960 2680 poetae

55 2698 149 2748 aetate
168 2697 279 2747 taceant
300 2695 345 2746 aut
368 2689 437 2746 lalsa
461 2689 588 2759 tradant,
614 2705 693 2760 quem
719 2707 744 2746 a.
767 2695 816 2750 lii
839 2691 960 2748 invisis

56 2819 265 2830 σι’-...πινυ-

125 2885 170 2950 62)
188 2888 260 2937 Palso
278 2889 403 2938 virentem
416 2888 530 2938 nonnulli
545 2904 560 2939 a
576 2889 657 2939 Plinio
672 2897 698 2952 et
715 2891 834 2940 Iuvenale
851 2903 959 2939 comme·

56 2955 150 3004 morari
167 2957 307 3006 voluerunt.
344 2956 458 3006 Pliniana
472 2957 578 3022 epistola
594 2957 624 3016 6,
645 2956 679 3008 32
696 2959 719 3008 sl
738 2974 796 3009 rere
812 2958 845 3007 nd
862 2957 959 3018 Quinti·

56 3023 151 3073 lianum
172 3023 230 3073 data
254 3031 304 3083 est,
332 3023 394 3073 nihil
420 3039 511 3075 canus
530 3033 635 3092 apparet
656 3040 700 3076 cnr
720 3027 752 3077 de
776 3027 852 3078 Pablc
874 3028 959 3091 magis

56 3106 132 3155 quam
148 3093 180 3143 de
197 3091 278 3142 Nonio
293 3093 422 3158 oepiatnr3
445 3092 571 3144 rhetorem
587 3095 673 3144 omnia
688 3096 839 3159 excludunt,
868 3095 914 3145 etr.
931 3096 957 3155 2,

57 3161 98 3219 14,
117 3160 142 3211 9.
166 3161 191 3222 6,
209 3161 238 3222 6,
253 3160 277 3212 3.
314 3161 441 3212 luvenalis
460 3161 531 3214 locus
549 3165 573 3223 7,
591 3162 641 3213 189
657 3162 688 3213 ds
706 3172 803 3217 mortno
819 3165 881 3231 agit,
901 3177 958 3213 curn

53 3229 97 3279 tlte
116 3245 165 3280 non
183 3230 263 3280 soleat
284 3230 333 3280 nisl
350 3236 463 3282 mortuos
480 3246 593 3298 carpere.

123 3315 170 3378 63)
192 3314 256 3365 Nam
271 3316 302 3366 de
319 3314 404 3366 Salvio
420 3316 518 3368 Iuliano
537 3325 561 3366 et
579 3317 705 3367 Frontone
721 3324 745 3369 et
760 3318 876 3387 Ulpiano,
893 3328 958 3382 quos

56 3381 195 3449 llerrrrann,
217 3384 294 3435 credo
310 3392 336 3434 nt
353 3385 525 3437 centenarium
543 3400 675 3437 numerum
693 3388 836 3454 compleret,
874 3393 956 3438 ostre-

54 3464 109 3501 mos
128 3452 200 3516 lectt,
221 3453 388 3519 hieronymos
403 3453 551 3522 Eutropium
571 3455 613 3505 tib.
634 3454 699 3505 Vlll.
714 3465 841 3510 auctorem
855 3404 953 3508 inbuit.
