2286 3862
415 238 698 286 vrnuuurus.
995 225 1055 290 219

63 387 104 448 dit
120 389 227 459 exitus3
243 407 307 450 nam
325 392 522 453 confirmatum
538 408 593 471 per
607 391 723 469 legatos
740 408 809 452 suos
829 393 980 472 imperium
999 411 1054 472 per

64 491 97 533 se
113 474 238 533 retinere
257 492 314 534 nou
329 476 430 554 potuit.

120 557 165 617 De
180 556 359 619 Betriacensi
376 560 498 620 victoria
515 568 544 620 et
562 557 682 620 Othonis
706 561 801 638 exitu,
825 578 889 620 cum
912 559 1004 620 adhuc
1026 561 1054 619 iu
1064 567 1098 619 10

63 641 154 702 Gallia
170 650 265 720 essct,
282 642 381 720 audiit,
403 643 532 722 nihilque
550 653 713 722 cunctatus,
737 644 875 724 quidquid
897 645 1055 724 praetoria·

37 744 160 791 inarum
177 725 338 786 cohortium
353 727 420 805 luit,
436 737 465 788 ut
480 727 599 806 pessimi
614 728 755 807 exempli,
778 745 836 789 uuo
857 730 1057 789 exauctoravit

61 809 158 870 edicto
178 810 272 870 iussas
293 810 414 871 tribunis
436 811 553 872 tradere
573 829 661 872 arma.
707 811 826 873 Genium
853 823 948 874 autem
970 820 1056 890 atque

61 893 179 970 viginti,
202 911 321 972 quorum
342 895 460 956 libellos
482 895 588 956 Othoni
608 895 691 956 datos
713 897 863 957 invenerat
889 913 1055 975 exposcen-

61 978 129 1037 tium
144 979 300 1055 praemium
315 979 472 1040 obeditum
488 981 516 1039 in
535 979 626 1040 caede
642 979 752 1041 Galbae
768 998 902 1058 operam,
924 978 1056 1057 conquiri

61 1070 89 1120 et
100 1061 245 1144 supplicio
258 1062 342 1124 adfici
355 1065 522 1144 imperavit,
541 1065 664 1141 egregie
678 1082 799 1143 prorsus
809 1063 1056 1143 atquemaguihce

21 1168 51 1209 ro
61 1154 90 1206 et
105 1155 134 1204 ut
150 1149 249 1206 summi
263 1149 404 1227 principis
419 1166 503 1228 spem
518 1147 703 1226 ostenderet,
720 1149 774 1208 nisi
791 1157 891 1209 cetera
904 1147 998 1224 magis
1019 1164 1057 1205 ex

60 1239 160 1289 natura
174 1239 203 1289 et
218 1232 316 1308 priore
333 1234 391 1293 vita
406 1250 457 1293 sua
471 1250 554 1311 quam
566 1250 604 1291 ex
616 1233 727 1311 imperii
738 1234 888 1293 maiestate
900 1232 1055 1310 gessisset.
1070 1264 1071 1267 =

59 1313 189 1389 Namque
201 1314 302 1373 itinere
314 1315 461 1392 inchoato,
479 1333 534 1393 per
545 1316 654 1376 medias
667 1317 801 1376 civitates
813 1318 868 1376 ritu
879 1315 1054 1394 triumphan-

60 1397 129 1455 tium
144 1403 246 1453 vectus
262 1405 323 1473 est,
339 1415 452 1475 perque
467 1398 580 1457 llumina
596 1398 807 1459 delicatissimis
825 1401 949 1476 navigiis
965 1408 993 1457 et
1006 1416 1055 1457 va·

59 1482 166 1539 riarum
183 1495 353 1540 coronarum
368 1498 480 1557 genere
497 1479 650 1556 redimitis,
674 1481 748 1540 inter
764 1483 983 1560 profusissimos
1005 1479 1055 1537 ob·

23 1566 208 1624 ausoniorum
225 1573 392 1642 apparatus,
408 1563 486 1623 nulla
502 1563 629 1624 familiae
643 1572 692 1623 aut
704 1565 800 1624 militis
821 1565 989 1643 disciplina,
1012 1580 1056 1622 ra·

60 1651 143 1727 pinas
159 1665 194 1707 ac
212 1647 399 1727 petulantiam
415 1649 539 1707 omnium
554 1648 583 1706 in
598 1648 695 1707 iocum
706 1656 837 1718 vertens;
855 1650 902 1726 qui
917 1664 975 1706 non
988 1663 1054 1706 con·

58 1733 129 1792 tenti
152 1732 241 1810 epulo
263 1731 370 1811 ubique
394 1732 512 1810 publice
534 1731 683 1810 praebito,
705 1750 904 1811 quoscumque
925 1729 1056 1790 libuisset

57 1818 86 1876 in
101 1815 266 1875 libertatem
281 1815 470 1894 asserebant,
485 1816 610 1877 verbera
627 1825 655 1877 et
670 1816 789 1895 plagas,
812 1834 903 1894 saepe
924 1814 1055 1889 vulnera,

57 1918 269 1979 nonnumquam
292 1919 394 1961 necem
417 1910 673 1980 repraesentantes
697 1901 929 1961 adversantibus.
960 1900 1055 1978 thue

19 2008 49 2052 ao
61 2000 196 2061 campos,
213 1985 242 2042 in
257 1983 361 2062 quibus
376 1993 533 2064 pugnatum
549 1994 612 2061 est,
629 1985 701 2062 adit,
719 1984 901 2045 abhorrentis
917 1982 1056 2062 quosdam

61 2067 234 2128 cadaverum
259 2066 368 2145 tabem,
398 2067 562 2128 detestabili
587 2086 663 2128 voce
691 2071 862 2130 confirmare
889 2086 975 2128 ausus
1001 2076 1055 2145 est,

59 2152 172 2230 optime
195 2150 279 2212 olere
300 2151 436 2212 occisum
456 2150 589 2228 boetem,
612 2159 641 2213 et
659 2153 769 2214 melius
792 2154 897 2214 civem.
932 2151 996 2212 Nec
1019 2169 1055 2212 eo

59 2237 150 2295 setius
173 2235 208 2295 ad
229 2235 393 2296 leniendam
412 2237 586 2312 gravitatem
607 2236 707 2297 odoris
728 2238 879 2316 plurimum
900 2237 973 2296 meri
990 2253 1056 2314 prc-

59 2321 154 2398 palam
170 2320 265 2381 hausit
280 2322 448 2400 passimque
466 2320 571 2380 divisit.
600 2320 667 2382 Pari
684 2324 810 2382 vanitate
826 2331 914 2401 atque
930 2320 1055 2381 insolen-

19 2424 48 2466 aa
57 2405 94 2464 tia
116 2403 242 2481 lapidem
264 2407 421 2465 memoriae
443 2404 566 2465 Othonis
590 2407 758 2486 inscriptum
779 2407 908 2482 intuens,
933 2403 1058 2484 dignum

57 2506 93 2549 eo
115 2487 279 2550 Mausoleo
301 2491 356 2566 ait,
384 2491 616 2568 pugionemque,
643 2508 701 2569 quc
725 2492 750 2550 is
775 2509 808 2550 se
836 2488 1004 2565 occiderat,
1028 2490 1056 2546 in

56 2572 304 2653 Agrippinensem
318 2574 463 2635 coloniam
475 2575 551 2634 misit
562 2574 647 2635 Marti
659 2574 857 2636 dedicandum.
890 2573 923 2634 In
935 2573 1054 2653 Appen·

55 2659 113 2716 nini
130 2657 245 2736 quidem
262 2659 338 2736 iugis
356 2661 441 2719 etiam
457 2659 642 2738 pervigilium
657 2662 727 2737 egit.
755 2658 865 2720 Urbem
881 2659 1006 2736 denique
1017 2656 1053 2717 ad
1066 2668 1095 2721 tl

57 2741 209 2801 classicum
225 2744 336 2803 introiit
352 2743 504 2822 paludatus
522 2743 662 2821 ferroque
677 2745 859 2821 succinctus,
882 2743 1055 2821 intersigna

18 2844 47 2885 co
57 2832 144 2901 atque
160 2826 281 2904 vexilla,
299 2829 440 2905 sagulatis
458 2827 621 2905 comitibus,
638 2846 674 2888 ac
688 2827 812 2889 detectis
831 2826 1055 2887 commilitonum

57 2926 178 2967 armis:

118 2992 213 3070 Magis
230 2993 333 3055 deinde
351 3013 384 3054 ac
402 2997 495 3072 magis
513 2997 590 3055 omui
605 2996 702 3056 divino
718 2996 899 3075 humanoque
910 2997 972 3055 iure
984 3012 1055 3072 neg·

55 3077 151 3155 lecto,
174 3076 299 3137 Alliensi
322 3078 367 3137 die
384 3079 582 3157 pontificatum
601 3081 753 3140 maximum
776 3082 870 3160 cepit,
897 3079 1013 3140 comitia
1028 3078 1057 3137 in

55 3160 157 3221 decem
180 3179 271 3223 annos
295 3162 439 3223 ordinavit
460 3181 552 3242 seque
575 3173 748 3243 perpetuum
768 3164 926 3226 consulem.
957 3162 996 3224 Et
1018 3180 1055 3222 ne

18 3247 102 3310 accui
125 3244 239 3306 dubium
260 3246 353 3324 loret,
378 3246 455 3325 quod
479 3249 630 3327 exemplar
647 3248 796 3327 regendas
813 3247 899 3327 reip.
919 3247 1054 3325 eligeret,

52 3330 148 3390 medic
174 3329 278 3390 blartio
303 3348 405 3409 campo
429 3329 554 3391 adhibita
576 3331 760 3411 publicorum
784 3331 969 3393 sacerdotum
997 3330 1054 3391 lre·

52 3416 168 3490 quentia
182 3413 301 3475 inferias
316 3415 427 3475 Neroni
443 3414 538 3493 dedit,
554 3434 589 3477 ac
604 3416 738 3478 sollemni
753 3416 888 3478 convivio
913 3416 1054 3477 citharoe-

51 3496 117 3556 dum
131 3498 295 3576 placentem
307 3499 401 3579 palam
413 3498 570 3579 admonuit,
586 3511 616 3561 ut
627 3501 747 3582 aliquid
755 3507 786 3561 et
795 3501 834 3564 de
845 3499 996 3563 dominico
1008 3497 1054 3561 di·
