2334 3870
484 203 692 251 PRAEFATIO.
997 204 1036 252 x1

189 362 220 440 2)
236 364 374 438 praelatio
387 364 422 420 ad
434 363 463 419 0.
477 362 629 435 Septicium
641 361 752 420 Glanum
764 363 936 436 praelectum
951 379 1035 435 prae-

124 449 200 506 torio
218 450 264 507 vel
283 449 456 522 praelectum
476 447 713 518 praetorianarum
735 447 907 515 cohortium,
929 447 957 501 in
980 462 1033 517 qua

125 535 162 590 de
176 533 299 589 consilio
314 547 365 590 suo
382 530 547 602 scriptorem
563 531 694 587 docuisse
714 530 844 603 suspicor
859 546 930 601 quae
945 530 1033 585 lecto-

125 635 185 672 rum
202 617 277 673 scire
292 617 436 672 intererat.

168 697 221 773 ¹3)
251 699 401 756 Caesarum
430 698 536 767 gentile
562 704 689 768 stemma,
719 692 829 771 στέμμα
859 709 1034 771 ooyyscsaov

126 771 289 852 Καισάρων
306 780 362 855 (uti
378 780 512 852 scriptum
528 778 618 834 tuisse
632 781 753 837 iudicavi
765 800 791 854 p.
808 787 876 851 283,
897 788 915 840 8
930 787 959 836 et
971 785 1035 850 287,

124 872 162 924 25
178 867 224 922 vel
240 883 255 920 a
272 865 358 920 Suido
372 864 416 921 vel
433 863 538 919 Snidae
555 861 695 937 auctore).
737 865 897 920 Desiderari
916 865 1034 920 alecto·

127 949 207 1004 ribus
232 949 314 1003 talem
338 947 453 1017 generis
479 946 627 1003 Caesarum
655 946 885 1018 descriptionem,
907 948 1035 1018 vulgaria

126 1032 254 1103 exempla
277 1030 404 1087 Suetonii
427 1030 593 1086 documento
619 1036 682 1086 sunt
708 1030 768 1085 eius
790 1029 864 1085 modi
886 1032 1035 1086 stemmatis

126 1116 271 1171 instructa.
315 1114 411 1185 Neque
430 1114 579 1184 ignorasse
594 1120 707 1169 veteres
723 1114 752 1169 id
771 1113 936 1183 artificium,
957 1113 1036 1167 testis

126 1205 170 1256 est
186 1199 361 1270 Tranquillus
377 1197 438 1269 ipse
456 1216 481 1269 p.
500 1204 561 1261 188.
579 1204 605 1256 8.

187 1279 219 1355 4)
236 1282 310 1338 libri
321 1281 414 1353 primi,
433 1281 479 1352 qui
495 1283 529 1336 de
541 1282 611 1337 Divo
623 1282 694 1337 lulio
711 1288 764 1351 est,
780 1280 897 1336 initium.
931 1278 1035 1334 Neces-

128 1366 206 1422 sario
223 1367 295 1420 enim
313 1365 505 1433 Tranquillus,
528 1381 608 1435 quem
629 1366 663 1420 ad
681 1367 790 1422 modurn
811 1364 839 1419 in
857 1363 977 1434 reliquis
992 1362 1035 1418 vi-

130 1449 167 1500 tis
189 1449 285 1499 lacere
307 1446 469 1510 consuevit,
492 1446 527 1497 de
548 1446 636 1498 iuliae
655 1448 778 1501 familiae
800 1448 911 1515 origine
927 1446 1035 1501 Albane

130 1526 303 1584 acTroiana
330 1524 510 1593 eiusdemque
534 1525 728 1593 incrementis,
756 1533 812 1578 tum
832 1528 866 1578 de
888 1526 1037 1579 Caesarum

129 1610 240 1666 nomine
263 1616 291 1663 et
314 1623 437 1678 genere,
462 1612 604 1678 postremo
628 1606 663 1660 de
689 1605 778 1678 ipsius
806 1604 869 1661 Divi
888 1604 953 1659 lulii
975 1611 1037 1659 ortu

129 1695 294 1763 futuraeque
311 1690 508 1761 magnitudinis
528 1690 633 1760 signis,
648 1691 683 1746 de
698 1688 802 1763 puerili
818 1687 993 1743 institutione
1010 1695 1038 1743 et

129 1775 271 1846 magistris
288 1780 466 1846 exposuerat.
499 1775 566 1829 lnde
583 1789 735 1846 superesse
752 1772 874 1828 arbitror
889 1768 1037 1828 inustulum

129 1880 156 1933 p.
173 1865 235 1928 286,
250 1866 267 1919 9
281 1859 413 1926 relatum,
437 1859 510 1928 quod
525 1874 672 1930 perperam
688 1855 880 1913 Broulrhusius
890 1860 932 1911 'ex
946 1873 973 1927 p.
991 1862 1035 1927 79,

128 1952 174 2013 35,
190 1942 369 1999 Casaubonus
391 1942 462 1998 adeo
485 1958 521 1996 ex
543 1958 571 2012 p.
588 1947 656 2009 226,
676 1946 801 2000 31-33
815 1940 970 1996 derivatum
984 1956 1034 1996 vo·
1067 1985 1070 1991 .

128 2029 227 2081 luerat.
261 2028 300 2080 De
316 2025 465 2081 Caesarum
479 2025 590 2079 nomine
604 2024 767 2095 Spartianus
782 2039 892 2095 quoque
909 2024 937 2079 in
952 2023 1035 2080 Aelio

128 2109 207 2161 Vero
223 2123 284 2177 cap.
300 2114 317 2162 2
334 2114 362 2159 et
378 2107 493 2160 Servius
511 2108 547 2161 ad
562 2109 648 2178 Verg.
665 2108 735 2162 Aen.
754 2116 786 2176 1,
802 2113 854 2167 286
875 2108 1035 2179 Tranquillo

130 2194 246 2244 auctore
262 2188 306 2244 usi
321 2203 385 2242 esse
400 2187 539 2244 videntur.
582 2192 623 2245 De
638 2190 774 2260 magistro
791 2193 852 2263 ipse
868 2191 1035 2246 mentionem

130 2272 199 2328 lecit
213 2290 240 2344 p.
258 2278 325 2341 260,
341 2277 384 2330 15.

190 2355 286 2413 Omnia
307 2358 377 2411 haec
399 2371 470 2425 quac
492 2355 574 2410 modo
596 2355 815 2412 enumeravimus
838 2356 1034 2427 complectenti

130 2439 214 2496 lacile
225 2439 367 2496 videbitur
381 2438 492 2509 integer
510 2439 656 2510 quaternio
671 2439 818 2512 deperisse
830 2439 890 2495 eius
906 2437 1037 2509 exempli,

130 2524 202 2577 unde
218 2529 313 2578 nostra
329 2522 419 2578 omnia
431 2529 587 2594 propagata
603 2531 675 2580 sunt.
705 2525 788 2579 Facta
805 2538 869 2578 esse
885 2539 918 2577 ea
930 2521 1037 2578 iactura

130 2607 213 2663 debet
230 2613 295 2678 post
309 2606 412 2676 Lydum
427 2607 474 2676 qui
491 2607 605 2663 saeculo
620 2609 656 2663 Vl
672 2608 763 2663 medio
779 2606 910 2678 scripsit,
929 2612 957 2660 et
973 2611 1036 2661 ante

129 2690 168 2744 lli
183 2691 392 2761 saeculumque
408 2690 584 2745 lllemmianus
609 2691 680 2747 liber
701 2691 822 2762 scriptus
839 2697 898 2759 est,
919 2690 1037 2746 oninium

129 2780 159 2827 ut
175 2773 372 2843 integerrimus
393 2774 432 2829 ita
456 2779 483 2828 et
505 2774 726 2842 vetustissimus,
746 2775 797 2829 sed
819 2774 911 2845 capito
927 2779 955 2827 ot
974 2773 1036 2845 ipse

129 2863 271 2911 truncatus
288 2863 316 2912 et
336 2864 473 2928 tamquam
490 2874 537 2912 res
557 2857 635 2912 salva
657 2862 750 2926 esset,
769 2857 921 2913 maiuscula
942 2857 1036 2912 littera

132 2925 232 2993 initiali
247 2945 275 2994 et
288 2941 430 2996 versiculo
446 2941 589 2996 rubricato
605 2946 730 2996 ornatus.

191 3020 496 3081 DistribuitSuetonius
509 3041 579 3095 opus
592 3025 626 3079 de
635 3024 784 3080 Caesarum
795 3023 852 3078 vita
867 3024 901 3078 in
917 3024 1035 3079 libros
1043 3025 1167 3120 ww

131 3110 231 3168 octo;
255 3111 331 3160 certe
346 3107 421 3162 nulla
436 3108 546 3163 videtur
564 3124 627 3162 esse
643 3108 744 3163 idonea
762 3123 863 3176 causa,
882 3122 931 3161 our
945 3105 1036 3162 veteri

129 3188 291 3243 testimonio
315 3206 340 3260 p.
357 3194 426 3259 283,
448 3192 560 3249 8lidem
577 3192 754 3261 derogemus.
799 3191 942 3246 Librorum
965 3188 1037 3244 enim

131 3270 363 3328 Suetonianorum
383 3276 435 3329 lrac
460 3273 488 3328 in
512 3290 543 3328 re
564 3273 639 3330 nulla
666 3274 818 3330 auctoritas
843 3291 907 3329 esse
932 3279 1035 3344 potest,

129 3361 277 3426 postquam
291 3357 372 3413 titulo
390 3374 443 3412 una
461 3357 674 3430 comprincipia
697 3357 791 3430 operis
807 3357 954 3430 deperdito
972 3356 1034 3428 ipsa

130 3453 241 3512 quoque
265 3440 419 3514 descriptio
441 3441 587 3499 obscurari
603 3448 702 3515 coepto
722 3449 773 3498 est.
816 3443 912 3512 ltaque
934 3441 1035 3496 lactum
