2286 3862
123 203 184 264 230
205 213 235 260 c.
248 209 397 259 suurour
409 208 536 267 unaue.
552 208 599 254 nu
612 207 695 255 vrrs
710 205 895 257 cussum
916 209 993 258 uus.
1008 210 1084 260 v111.

123 369 234 429 tuosius
254 367 328 424 inter
349 383 382 423 se
403 363 538 440 agebant.
578 361 674 436 Quare
697 360 922 422 Vitellianorum
950 364 1072 443 quidem
1098 378 1124 429 et

125 451 324 514 exauctoravit
338 448 475 527 plurimos
491 454 520 505 et
538 445 685 522 coercuit,
700 444 894 524 participibus
915 454 1015 509 autem
1035 453 1122 512 ricto

123 539 185 598 riae
201 534 274 596 adeo
290 532 358 592 nihil
374 540 456 591 entra
469 528 600 590 ordinem
613 527 739 606 indulsit,
755 530 882 590 utetiam
895 528 1027 608 legitima
1037 552 1122 612 prae-

123 621 178 679 mia
194 635 262 679 sero
287 615 471 695 persolverit.
512 613 559 673 Ac
579 631 616 673 ne
636 630 721 690 quam
742 615 936 675 occasionem
954 618 1121 694 armandi

124 703 304 781 disciplinam
321 699 581 778 praetermitteret,
607 695 853 757 adulescentulum
868 697 1043 775 fragrantem
1063 721 1135 764 uns

124 796 250 864 guento,
267 802 330 843 cum
346 782 401 842 sibi
416 800 470 862 pro
492 784 643 860 impetrata
667 781 853 859 praefectura
875 784 993 859 gratias
1010 795 1112 863 ageret,

123 879 192 930 nutu
206 876 394 947 aspernatus,
415 884 491 926 voce
507 867 591 926 etiam
612 866 784 941 gravissima
805 866 974 945 increpuit:
995 864 1118 929 Heleia·

124 971 187 1013 acro
213 951 308 1011 ulium
332 950 525 1012 obclusisses!
560 948 730 1027 litterasque
754 951 922 1020 revocavit3
959 950 1123 1014 classiarios

124 1053 207 1111 vero,
225 1036 273 1114 qni
288 1035 324 1095 ab
338 1034 419 1095 Ostia
435 1043 463 1094 et
474 1033 602 1095 Puteolis
616 1034 738 1094 Romam
748 1032 872 1113 pedibus
882 1052 942 1114 per
952 1035 1041 1097 vices
1052 1054 1122 1098 com·

123 1123 241 1195 meant,
254 1127 389 1203 petentes
405 1119 540 1178 constitui
556 1116 664 1196 aliquid
680 1117 735 1177 sibi
751 1117 880 1178 calciarii
894 1120 1031 1199 nornine,
1049 1119 1142 1202 quasit

124 1221 224 1285 parum
238 1212 318 1263 esset
333 1204 395 1262 sine
411 1218 556 1281 responso
573 1200 729 1280 abegisse,
744 1201 827 1262 iussit
841 1210 911 1282 post
926 1202 1012 1265 baec
1031 1207 1118 1269 excel

125 1292 218 1348 clatos
234 1288 389 1355 cursitare;
408 1295 438 1345 et
452 1304 491 1345 ex
506 1304 542 1346 eo
560 1286 599 1346 ita
615 1287 763 1346 cursitant.
914 1296 951 1339 Υ

182 1371 338 1447 Achaiam,
359 1369 490 1445 lyciam,
506 1368 656 1448 ilbodum,
677 1369 857 1446 Byzantium,
885 1369 1012 1433 Samum
1043 1374 1119 1436 liber

123 1464 182 1516 tate
213 1454 362 1534 adempta,
385 1456 453 1516 item
480 1454 648 1531 Thraciam,
677 1452 807 1515 Ciliciam
836 1461 867 1513 et
900 1451 1120 1538 Commagenen

123 1539 239 1599 ditiords
262 1541 365 1618 regiae
392 1557 483 1618 usque
506 1537 542 1598 sd
568 1538 596 1599 id
622 1547 752 1618 tempus,
773 1540 802 1598 in
823 1538 1051 1618 provinciarum
1068 1545 1138 1605 loru

123 1640 196 1683 mam
221 1622 344 1699 redegit.
390 1620 595 1701 Cappadociae
620 1631 743 1701 propter
762 1620 900 1683 adsiduos
927 1622 1120 1690 barbarorum

122 1707 254 1766 incursus
265 1706 400 1784 legiones
415 1705 536 1782 addidit,
564 1705 804 1785 consularemque
819 1714 972 1769 rectorem
986 1710 1120 1792 imposuit

143 1808 209 1850 roe
233 1791 291 1849 .1t.

122 1808 141 1870 p
183 1809 330 1932 Dgtormie
347 1872 415 1931 urbs
429 1873 577 1934 veteribus
592 1873 732 1935 incendiis
747 1891 782 1933 ac
796 1873 886 1934 ruinis
907 1884 989 1949 eree
1015 1896 1119 1942 vacuas

122 1971 206 2015 areas
223 1972 370 2034 occupare
383 1964 413 2016 et
427 1955 597 2034 aedificare,
612 1959 636 2018 si
652 1975 845 2037 possessores
868 1972 1046 2041 cessarent,
1069 1966 1141 2027 cuis

122 2054 243 2115 cumque
255 2039 392 2117 permisit.
419 2039 488 2120 lpse
504 2044 712 2102 restitutionem
728 2039 865 2120 Capitolii
880 2042 1068 2129 adgressus,
1080 2068 1119 2110 ru

121 2120 236 2181 deribus
252 2123 410 2201 purgandis
425 2143 524 2186 manus
542 2128 650 2204 primus
669 2126 845 2187 admonitae
862 2144 914 2187 suc
928 2129 1018 2193 collo
1037 2151 1119 2214 quae

120 2206 184 2267 dam
201 2206 315 2277 extulit;
335 2226 542 2289 aerearumque
562 2210 721 2271 tabularum
745 2211 798 2271 tria
818 2210 910 2288 milia,
936 2230 1021 2292 quae
1042 2216 1120 2279 simul

121 2291 385 2371 conflagraverunt,
411 2293 588 2354 restituenda
614 2295 758 2374 suscepit,
779 2294 903 2372 undique
930 2297 1120 2380 investigatis

120 2376 350 2453 exemplaribus:
373 2379 589 2437 instrumentum
605 2379 716 2456 imperii
733 2377 957 2457 pulcherrimum
978 2400 1022 2443 sc
1043 2395 1142 2448 retu-¹⁵

119 2460 282 2537 stissimum,
299 2479 355 2538 quo
372 2462 591 2522 continebantur
605 2480 700 2542 paene
716 2463 751 2523 ab
769 2462 891 2523 exordio
905 2463 988 2526 urbis
1002 2479 1120 2532 senatm

120 2543 270 2621 consulta,
293 2543 373 2622 plebi
393 2547 466 2606 scita
482 2546 519 2606 de
536 2547 678 2607 societate
699 2555 728 2606 et
749 2546 871 2607 loedere
894 2565 931 2608 ac
957 2552 1120 2632 privilegio

92 2629 289 2707 9cuicumque
314 2631 472 2689 concessis.
506 2629 590 2690 Fecit
612 2639 641 2690 et
663 2648 738 2692 nova
760 2647 853 2710 opera
876 2633 1021 2712 templum
1037 2636 1120 2700 Pacis

117 2710 183 2769 foro
210 2713 385 2789 proximum,
402 2713 527 2792 Diuique
549 2712 649 2775 claudi
670 2715 698 2774 in
726 2713 828 2776 caelio
852 2725 951 2777 monte
977 2731 1120 2801 coeptum

118 2794 231 2872 quidem
248 2795 283 2856 ab
298 2796 475 2876 Agrippina,
498 2797 551 2858 sed
567 2817 583 2858 a
597 2798 716 2859 Nerone
740 2816 834 2879 prope
856 2799 986 2862 funditus
1005 2804 1141 2868 destun-tt

118 2886 209 2947 ctum;
228 2881 296 2938 item
311 2880 548 2958 amphitheatrum
562 2881 634 2943 urbe
646 2882 749 2962 media,
769 2892 799 2943 ut
816 2882 980 2947 destinasse
998 2905 1119 2972 compe·

116 2969 195 3022 rerat
208 2961 380 3039 Augustum.

176 3045 382 3125 Amplissimos
398 3049 528 3128 ordines,
545 3059 575 3110 et
590 3050 748 3112 exhaustos
764 3051 855 3112 caede
870 3054 951 3113 varia
968 3064 1002 3117 et
1018 3068 1118 3121 conta·

116 3131 238 3190 minatos
259 3133 354 3191 veteri
378 3134 582 3211 neglegentia,
609 3136 745 3213 purgavit
762 3134 968 3216 supplevitque
985 3159 1118 3205 recenso

116 3223 216 3274 senatu
240 3223 269 3274 et
291 3216 402 3293 equite,
434 3220 581 3277 summotis
609 3217 818 3295 indignissimis
852 3226 883 3281 et
903 3219 1142 3290 tronestireimoe

116 3313 234 3378 quoqne
249 3297 415 3359 Italicorum
430 3318 465 3361 ac
484 3301 703 3381 provincialium
720 3301 839 3363 allecto.
875 3303 974 3383 Atque
998 3312 1043 3372 uti
1067 3329 1117 3372 no·

115 3387 173 3444 tum
188 3391 276 3459 esset,
292 3392 443 3461 utrumque
461 3385 590 3446 ordinem
604 3403 661 3445 non
675 3396 731 3446 tam
747 3386 882 3447 libertate
895 3389 1017 3455 interse
1031 3412 1118 3476 quam

114 3462 254 3547 dignitate
272 3466 405 3543 differre,
422 3466 458 3527 de
475 3469 569 3544 iurgio
587 3468 710 3547 quodam
729 3472 873 3532 senatoris
895 3476 1068 3560 equitisque
1082 3482 1115 3543 ll.
