2286 3862
133 221 192 281 194
217 230 247 279 c.
261 230 411 280 suarum
427 229 555 289 τωρ.
573 230 621 276 nn
637 230 719 277 vrrs
739 229 924 281 cansnnutt
939 232 1017 284 urs.
1028 234 1079 285 vr.

131 388 259 470 quentia,
274 389 323 447 vix
334 396 472 467 repertae
485 383 623 464 Capitolii
637 385 746 446 claves.
778 384 850 447 (lum
861 406 899 447 ex
911 391 1052 452 oratione
1064 393 1132 473 eins,

132 490 189 554 qna
201 474 231 533 in
242 471 395 535 Vindicem
407 470 573 550 perorabat,
585 471 757 533 recitaretur
767 471 796 531 in
805 480 918 552 senatu,
931 472 1057 537 daturos
1065 493 1131 558 poe

129 575 182 620 nas
195 557 358 619 sceleratos
371 574 407 616 ao
419 555 502 614 brevi
514 553 631 631 dignum
644 556 751 615 exitum
761 554 903 635 facturos,
922 558 1132 623 conclamatum

130 650 176 702 est
201 641 237 703 ab
257 641 417 702 universis:
448 637 492 699 Tu
509 638 629 717 facies,
653 636 809 718 Auguste!
839 638 1032 705 Observatum
1043 647 1129 707 ctiam

128 727 240 804 lucrat,
253 727 439 785 novissimam
451 722 578 784 fabulam
591 732 725 784 cantasse
737 742 802 784 eum
814 724 934 803 publice
952 724 1123 809 Oedipodem

130 810 247 871 exulem
260 818 346 889 atque
361 810 390 868 in
400 808 458 868 hoo
471 807 586 868 desisse
597 827 701 868 versu:
805 883 814 905 Ι

229 894 354 954 ocosse
376 881 406 973 μ’
426 882 536 972 ἄνωγε
558 883 746 972 σύγγαμος,
768 912 894 973 μητηρ,
917 886 1043 979 πατήρ.

87 985 121 1044 st
193 977 328 1039 Nuntiata
342 978 454 1039 interim
473 979 559 1036 etiam
577 985 742 1039 ceterorum
757 979 938 1045 exercituum
953 979 1132 1059 delectione,

130 1064 242 1125 litteras
255 1061 405 1142 prandenti
418 1061 473 1121 sibi
486 1059 615 1121 redditas
635 1063 813 1141 concerpsit,
835 1060 968 1124 mensam
984 1064 1132 1144 snbvertit,

130 1147 205 1209 dnos
216 1146 346 1225 scyphos
359 1146 515 1223 gratissimi
528 1164 605 1223 usus,
618 1163 692 1225 qnos
702 1144 855 1206 llomerios
868 1164 885 1207 a
904 1148 1061 1211 caelatura
1078 1168 1131 1212 car·

130 1232 235 1292 minum
246 1230 366 1290 Homeri
377 1228 518 1307 vocabat,
534 1229 600 1290 solo
611 1230 713 1310 inlisit,
732 1248 767 1291 ac
783 1240 898 1310 sumpto
917 1232 1080 1297 alucusts
1091 1252 1132 1295 rc

129 1332 206 1376 neno
222 1324 251 1375 et
264 1316 292 1373 in
305 1331 420 1375 auream
441 1314 577 1392 pyxidem
598 1314 726 1392 condito,
745 1315 857 1375 transiit
874 1315 1031 1380 inbcrtos
1042 1320 1132 1381 Serri

130 1399 234 1476 lianos,
247 1399 304 1476 ubi,
318 1398 486 1478 praemissis
498 1398 668 1459 libertorum
680 1398 825 1463 fidissimis
837 1398 951 1461 Ostiam
964 1401 1002 1464 ad
1013 1403 1131 1465 classen

131 1483 370 1563 praeparandam,
383 1484 515 1544 tribunos
529 1484 771 1563 centurionesque
783 1486 924 1563 praetorii
937 1484 976 1546 de
988 1487 1084 1567 lagae
1094 1476 1131 1549 su

131 1569 407 1647 cietatetemptavit.
439 1567 498 1628 Sed
511 1568 615 1648 partim
626 1567 896 1646 tergiversantibus,
915 1573 1058 1649 partima
1080 1580 1131 1635 ertt

131 1652 369 1729 detrectantibus,
382 1671 440 1713 unc
453 1669 525 1713 vero
546 1654 631 1712 etiam
650 1653 867 1732 proclamante:
891 1651 1001 1735 Usque
1022 1674 1045 1719 a

130 1737 211 1798 mori
225 1737 371 1798 miserum
386 1738 454 1797 est?
471 1737 551 1796 varie
565 1738 695 1814 agitavit,
707 1736 867 1798 Parthosne
881 1756 917 1799 an
936 1738 1068 1804 Galbam
1075 1758 1130 1820 snp

132 1822 203 1900 plex
216 1830 340 1899 peteret,
355 1840 390 1882 an
405 1829 514 1882 atratus
533 1820 663 1899 prodiret
678 1823 706 1881 in
724 1821 872 1901 publicum
891 1840 1014 1904 proque
1037 1824 1130 1889 rostris

132 1913 237 1985 quanta
248 1905 370 1966 maxima
383 1914 486 1984 posset
497 1905 683 1968 miseratione
697 1908 810 1965 veniam
823 1909 1060 1986 praeteriturum
1076 1926 1126 1993 pre

133 1998 258 2066 caretur,
272 2007 307 2050 ac
321 1992 349 2048 ni
362 1988 494 2049 flexisset
505 1990 627 2067 animos,
637 1989 685 2049 vel
697 1989 826 2069 Aegypti
837 1991 1065 2071 praefecturam
1075 2010 1138 2057 ctu

133 2073 197 2133 cedi
214 2072 269 2133 sibi
288 2082 396 2134 oraret.
427 2073 564 2134 Inventus
583 2082 629 2134 est
646 2083 749 2152 postea
768 2076 798 2133 ln
815 2076 924 2136 scrinio
941 2078 1010 2139 eius
1031 2078 1088 2142 bac
1101 2076 1130 2138 dc

131 2177 164 2218 re
177 2174 273 2219 sermo
292 2156 447 2227 formatum
468 2156 521 2218 sed
539 2156 705 2218 deterritum
726 2167 834 2238 putant,
849 2178 886 2221 ne
904 2162 987 2240 prius
1008 2162 1132 2245 quamin

131 2243 226 2304 forum
238 2243 406 2322 perveniret
418 2242 645 2322 discerperetur.

147 2322 153 2331 ’
194 2328 244 2388 Sic
256 2327 434 2406 cogitatione
453 2329 482 2387 in
499 2337 648 2408 posterum
666 2327 740 2387 diem
761 2327 856 2404 dilata,
875 2328 911 2388 ad
926 2330 1061 2397 medium
1077 2332 1134 2393 iere

131 2422 247 2474 noctem
266 2413 423 2490 excitatus,
441 2420 472 2473 ut
493 2414 636 2492 comperit
654 2413 804 2472 stationem
820 2410 940 2473 militnm
959 2416 1134 2493 recessisse,

132 2496 266 2577 prosiluit
279 2515 295 2556 e
307 2496 387 2557 lecto
399 2499 533 2578 misitque
547 2499 654 2556 circum
671 2498 790 2574 amicos,
804 2505 834 2557 et
852 2498 918 2576 qnia
937 2497 1012 2562 nibil
1033 2519 1051 2562 a
1070 2516 1134 2581 quo

133 2600 217 2662 quarn
228 2581 456 2659 renuntiabatur,
470 2583 536 2661 ipse
546 2598 610 2640 cum
618 2583 718 2660 paucis
727 2580 853 2660 hospitia
865 2582 1054 2660 singulorum
1063 2584 1133 2647 adiu

131 2666 241 2729 Verum
254 2665 361 2725 clausis
374 2668 498 2726 omnium
511 2665 635 2742 ioribus,
649 2664 847 2745 respondente
863 2666 955 2746 nullo,
967 2668 1001 2729 in
1021 2669 1133 2730 cultion-

131 2749 189 2809 lum
200 2749 293 2827 rediit,
307 2749 382 2810 unde
394 2753 449 2810 iam
457 2759 486 2811 et
493 2748 631 2810 custodes
639 2748 819 2826 diffugerant,
831 2749 953 2830 direptis
963 2754 1056 2815 etiam
1068 2764 1134 2816 stra

132 2833 219 2911 gulis,
233 2844 327 2895 amota
341 2845 370 2895 et
381 2835 489 2914 pyxide
502 2835 620 2904 veneni3
639 2851 674 2893 ac
693 2835 788 2894 statim
806 2834 955 2912 Spiculum
974 2838 1133 2915 myrmillo

132 2935 197 2977 nem
215 2917 263 2977 vel
284 2919 539 2998 quemlibetalium
559 2936 780 2997 percussorem,
808 2918 888 2978 cuius
907 2938 995 2982 manu
1017 2925 1134 3003 periret,

131 3002 272 3082 requisiit,
285 3012 314 3062 et
329 3004 443 3065 nemine
454 3011 592 3083 reperto,
612 2999 698 3083 Ergo
714 3021 786 3084 spo,
805 3003 911 3082 inquit,
929 3022 989 3066 nce
1005 3008 1135 3070 amians

132 3086 232 3148 babeo
250 3104 307 3146 uec
320 3087 497 3151 inimicum?
513 3090 732 3168 procurritque,
750 3089 831 3167 quasi
844 3089 1135 3168 praecipitaturusse

91 3174 161 3234 48in
173 3171 309 3232 Tiberim.
344 3173 403 3233 Sed
419 3181 560 3235 revocato
578 3191 678 3233 rursus
697 3175 820 3251 impetu,
834 3172 942 3252 aliquid
962 3176 1134 3241 secretioris

133 3257 263 3318 latebrae
277 3257 312 3318 ad
324 3257 520 3335 colligendum
532 3259 654 3319 animum
667 3256 851 3335 desideravit,
865 3264 895 3317 et
906 3258 1057 3323 offerente
1066 3260 1133 3322 Pha·

134 3350 202 3401 onte
212 3342 318 3403 liberto
331 3341 525 3403 suburbanum
537 3362 618 3403 suum
635 3343 709 3402 inter
722 3341 862 3403 Salariam
881 3350 910 3403 et
920 3341 1135 3409 Nomentanam

134 3427 208 3489 viam
222 3430 300 3507 circa
314 3415 446 3508 qu'artum
457 3428 617 3505 miliarium,
630 3434 659 3487 ut
671 3436 733 3488 crat
744 3425 821 3487 nudo
836 3426 912 3507 pede
924 3436 1016 3510 atque
1028 3431 1134 3491 tunica·

133 3520 186 3594 tus,
199 3512 352 3596 paenulam
366 3511 491 3574 obsoleti
504 3511 613 3572 coloris
625 3510 812 3593 superinduit,
823 3511 1032 3595 adopertoque
1043 3513 1135 3597 captu
