2286 3862
110 173 173 235 242
203 184 232 231 c.
250 180 399 231 suenoni
417 178 544 237 unaue.
560 178 607 224 ns
624 176 708 224 vura
725 173 911 227 cassanum
924 178 1002 231 me.
1017 182 1093 234 vm.

112 338 277 416 transtulit)
304 345 430 397 ceterum
456 351 568 396 omnem
594 332 651 392 rim
677 330 878 427 dammationis
909 342 971 395 tam
997 335 1120 403 licenter

113 426 254 499 exercuit,
272 431 301 481 ut
315 423 371 480 iam
385 429 442 479 tum
460 417 552 497 qualis
564 416 675 476 iuturus
687 424 768 477 esset
779 417 964 481 ostenderet.
991 420 1039 483 Ne
1052 443 1119 486 exe·

113 527 185 589 quar
197 506 321 584 singula,
336 503 522 564 contractatis
537 500 690 561 multorum
703 500 859 578 uxoribus,
872 501 1031 567 Domitiam
1044 508 1117 570 bon·

111 594 208 671 pinam
228 591 315 650 Aelio
332 589 446 648 Lamiae
466 594 583 664 nuptam
608 587 693 646 etiam
714 588 743 645 in
755 586 966 649 matrimonium
982 588 1115 671 abduxit,

111 687 196 757 atque
212 693 268 736 uno
285 673 331 733 die
347 689 436 752 super
451 669 515 730 XX.
533 670 630 730 oflicia
645 669 753 731 urbana
773 679 821 730 aut
841 672 998 750 peregriua
1016 673 1134 741 distri-⁵

111 761 181 837 buit,
199 758 313 819 mirari
321 775 355 817 se
366 755 549 834 Vespasiano
562 754 722 830 dictitante,
735 754 820 835 qaod
829 772 1041 819 sacceum-est
1047 778 1106 821 non

78 851 140 923 pet
152 843 215 904 stoi
234 843 372 901 mitteret.
417 839 640 920 Expeditionem
665 855 781 918 quoque
800 840 829 899 in
852 838 984 903 Galliam
1003 840 1110 903 Germa·

111 930 230 1007 uiasque
244 945 339 1006 neque
352 925 547 985 necessariam
562 932 592 983 et
613 922 843 985 dissuadentibus
865 928 1004 1005 paternis
1024 927 1115 988 amicis

110 1012 267 1088 inchoarit,
286 1019 392 1070 tantum
407 1018 438 1069 ut
451 1009 531 1069 imtri
554 1027 587 1068 se
609 1017 638 1068 et
657 1006 762 1086 opibus
788 1016 819 1069 et
836 1006 1018 1087 dignatione
1039 1010 1114 1072 adae·

131 1105 221 1158 naret.
754 1110 757 1115 ·
1122 1112 1140 1153 n

111 1115 129 1177 q
174 1180 217 1238 Ob
232 1179 306 1238 haec
325 1184 496 1256 correptus,
518 1193 576 1255 quo
592 1178 685 1253 magis
706 1186 736 1237 et
757 1178 860 1238 aetatis
884 1188 917 1240 et
942 1180 1113 1244 conditionis

110 1262 323 1338 admoneretur,
339 1260 485 1320 habitabat
501 1279 565 1320 cum
581 1269 663 1339 patre
678 1279 741 1339 una,
755 1260 919 1342 sellamque
939 1266 1011 1327 eius
1022 1268 1110 1328 acim-

110 1349 178 1425 tris,
202 1348 336 1426 quotiens
360 1342 527 1424 prodirent,
562 1345 667 1405 lectica
688 1344 864 1424 sequebatur
886 1364 922 1407 ac
944 1350 1112 1431 triumpbun

109 1434 258 1510 utriusque
276 1429 421 1490 Iudaicum
438 1445 514 1507 equo
531 1426 598 1490 albo
617 1430 766 1489 comitatus
784 1438 837 1490 est.
875 1428 910 1491 ln
932 1451 995 1495 sex
1020 1452 1111 1497 consu·

110 1516 216 1578 latibus
231 1515 344 1575 nonnisi
367 1532 451 1573 unum
475 1511 648 1573 ordinarium
667 1514 775 1590 gessit,
791 1531 915 1593 eumque
936 1518 1068 1581 cedente
1085 1538 1134 1585 ttlt

111 1602 287 1677 suffragante
302 1599 402 1658 fratre.
433 1596 582 1657 Simulavit
597 1598 704 1676 etipse
720 1598 791 1658 mire
805 1597 1002 1681 modestiam,
1020 1604 1050 1664 in
1062 1606 1112 1685 pri·

110 1685 222 1763 misque
239 1684 374 1762 poeticae
390 1681 522 1757 studium,
539 1690 595 1741 tam
606 1682 747 1741 insuetum
764 1691 849 1743 antea
863 1682 920 1744 sibi
938 1704 1031 1765 quam
1042 1696 1113 1770 post·

111 1787 146 1829 ea
167 1778 296 1846 spretum
319 1774 348 1825 et
376 1764 536 1842 abiectum,
560 1766 750 1844 recitavitque
772 1765 858 1826 etiam
883 1767 1021 1847 publice.
1057 1772 1114 1833 Nec

110 1863 205 1914 tamen
221 1869 256 1911 eo
274 1851 374 1927 setius,
392 1868 455 1909 cum
470 1848 658 1927 Vologaesus
673 1848 843 1910 Parthorum
860 1869 917 1912 rex
937 1856 1054 1918 auxilia
1072 1854 1113 1917 ad

110 1954 213 1996 versus
229 1935 341 1996 Alanos
355 1932 515 2012 ducemque
532 1932 652 1993 alterum
667 1952 704 1994 ex
719 1935 893 2013 Vespasiani
905 1935 1015 2001 liberis
1030 1941 1138 2021 depos

111 2020 266 2100 posuisset,
284 2020 359 2078 omni
375 2034 433 2097 ope
450 2017 598 2078 contendit
613 2027 643 2077 ut
657 2019 722 2096 ipse
738 2018 918 2098 potissimum
933 2025 1112 2093 mittentem

111 2112 140 2163 et
153 2105 217 2182 quia
233 2104 364 2164 discussa
379 2121 428 2163 res
444 2110 499 2180 est,
515 2100 588 2162 alios
604 2101 728 2162 Orientis
748 2120 838 2181 reges
860 2112 892 2164 ut
912 2104 997 2169 idem
1018 2116 1114 2189 postu·
1134 2178 1137 2183 ‚

110 2189 204 2250 larent
223 2188 305 2249 donis
320 2205 355 2247 ao
373 2185 630 2266 pollicitationibus
646 2185 806 2247 sollicitare
821 2192 989 2269 temptavit.

171 2273 256 2334 Patre
272 2272 420 2350 defuncto,
438 2270 484 2332 diu
500 2279 652 2332 cunctatus
664 2289 699 2330 an
714 2270 831 2350 duplum
848 2270 1021 2337 donativum
1036 2276 1115 2339 militi

110 2358 246 2435 offerret,
268 2375 419 2435 numquam
433 2359 540 2416 iactare
562 2354 699 2437 dubitavit
721 2355 861 2417 relictum
874 2358 1137 2441 separassem

107 2441 239 2521 imperii,
255 2441 313 2501 aad
324 2440 470 2519 fraudem
486 2445 663 2501 testamento
682 2437 873 2512 adhibitam
895 2458 997 2523 neque
1019 2462 1114 2507 cem·

109 2528 150 2585 vit
165 2545 203 2586 en
220 2543 257 2585 eo
273 2524 391 2585 insidias
407 2533 518 2585 struere
538 2524 619 2583 lratri
638 2522 711 2584 clam
730 2524 903 2604 palamque,
926 2526 1032 2605 quoad
1054 2546 1114 2591 cor·

107 2619 222 2689 raptum
236 2610 319 2688 gravi
334 2607 506 2685 valitudine,
528 2609 607 2687 prius
631 2625 714 2686 quam
734 2608 822 2687 plane
847 2608 965 2671 efflaret
981 2612 1114 2689 animaru,

108 2711 162 2772 pro
179 2702 291 2752 mortuo
315 2690 411 2752 deseri
433 2694 533 2771 iussit,
560 2691 781 2772 defunctumque
801 2693 881 2753 nullo
905 2702 1115 2777 praeterquam

110 2777 340 2837 consecrationis
352 2775 464 2836 honore
479 2776 625 2854 dignatus,
647 2793 738 2856 saepe
755 2777 841 2837 etiam
861 2778 972 2857 carpsit
987 2779 1138 2861 obliquisu

109 2858 287 2919 orationibus
305 2870 335 2920 et
350 2860 462 2921 edictis.

80 2964 98 3017 3
169 2941 247 3002 luter
262 2945 340 3006 initia
358 2946 537 3025 principatus
554 2944 661 3007 cotidie
676 2953 822 3007 secretum
842 2945 898 3007 sibi
912 2945 1057 3013 borarum
1071 2970 1114 3013 su·

108 3045 187 3090 mere
204 3027 328 3106 solebat,
343 3031 564 3111 necquicquam
580 3028 702 3109 amplius
718 3048 801 3109 quam
815 3047 930 3091 muscas
942 3040 1071 3112 captare
1081 3052 1116 3096 ac

109 3114 176 3174 stilo
201 3122 359 3194 praeacuto
387 3117 551 3194 conligere;
579 3123 610 3175 ut
632 3114 743 3177 cuidam
766 3116 976 3193 interroganti,
993 3128 1115 3180 essetne

110 3200 173 3278 quis
190 3198 266 3258 intus
282 3215 345 3258 cum
363 3197 505 3278 Caesare,
521 3218 580 3260 non
595 3198 720 3260 absurde
735 3216 908 3278 responsum
927 3200 966 3259 sit
986 3219 1004 3262 a
1024 3203 1141 3265 Vibloa

110 3281 226 3364 crispo,
244 3301 283 3344 ne
297 3302 435 3344 mascam
449 3284 579 3365 quidem.
609 3284 721 3345 Deinde
739 3300 860 3345 uxorem
881 3283 1057 3365 Domitiam,
1079 3306 1116 3349 ex

110 3384 165 3446 qua
187 3368 363 3429 insecundo
388 3386 439 3428 sno
467 3368 617 3430 consulatu
638 3369 725 3430 lilium
750 3368 856 3429 tulerat
878 3367 932 3406 *¹¹*
959 3368 1118 3453 alteroque

109 3468 184 3514 anno
198 3453 388 3517 consalutauit
398 3452 572 3531 Augustam
586 3453 716 3534 eandem,
730 3452 840 3515 Paridis
852 3451 1003 3516 histrionis
1013 3473 1118 3520 amore
