<?xml version="1.0" encoding="UTF-8"?>
<!DOCTYPE html PUBLIC "-//W3C//DTD XHTML 1.0 Transitional//EN"
    "http://www.w3.org/TR/xhtml1/DTD/xhtml1-transitional.dtd">
<html xmlns="http://www.w3.org/1999/xhtml" xml:lang="en" lang="en">
 <head>
  <title>
</title>
<meta http-equiv="Content-Type" content="text/html;charset=utf-8" />
  <meta name='ocr-system' content='tesseract 3.04.00' />
  <meta name='ocr-capabilities' content='ocr_page ocr_carea ocr_par ocr_line ocrx_word'/>
</head>
<body>
  <div class='ocr_page' id='page_1' title='image "./csuetonitranqui00trangoog_0160.png"; bbox 0 0 2334 3870; ppageno 0'>
   <div class='ocr_carea' id='block_1_1' title="bbox 433 161 1145 260">
    <p class='ocr_par' dir='ltr' id='par_1_1' title="bbox 433 161 1145 260">
     <span class='ocr_line' id='line_1_1' title="bbox 433 161 1145 260; baseline 0.01 -7"><span class='ocrx_word' id='word_1_1' title='bbox 433 205 540 254; x_wconf 86' lang='lat' dir='ltr'><strong>nrvus</strong></span> <span class='ocrx_word' id='word_1_2' title='bbox 561 204 754 254; x_wconf 68' lang='lat' dir='ltr'><strong>sponsane.</strong></span> <span class='ocrx_word' id='word_1_3' title='bbox 1059 199 1100 260; x_wconf 85' lang='grc'><strong>49</strong></span> <span class='ocrx_word' id='word_1_4' title='bbox 1138 161 1145 173; x_wconf 43' lang='grc'><strong>”</strong></span> 
     </span>
    </p>
   </div>
   <div class='ocr_carea' id='block_1_2' title="bbox 11 361 1143 3633">
    <p class='ocr_par' dir='ltr' id='par_1_2' title="bbox 11 361 1143 3633">
     <span class='ocr_line' id='line_1_2' title="bbox 94 361 1100 428; baseline -0.002 -1"><span class='ocrx_word' id='word_1_5' title='bbox 94 365 313 428; x_wconf 87' lang='lat' dir='ltr'><strong>commodanon</strong></span> <span class='ocrx_word' id='word_1_6' title='bbox 328 363 445 424; x_wconf 92' lang='lat' dir='ltr'><strong>minimo</strong></span> <span class='ocrx_word' id='word_1_7' title='bbox 459 364 598 423; x_wconf 70' lang='lat' dir='ltr'><strong>sacuam</strong></span> <span class='ocrx_word' id='word_1_8' title='bbox 611 362 779 424; x_wconf 85' lang='lat' dir='ltr'><strong>discrimine</strong></span> <span class='ocrx_word' id='word_1_9' title='bbox 794 361 907 422; x_wconf 88' lang='lat' dir='ltr'><strong>similes</strong></span> <span class='ocrx_word' id='word_1_10' title='bbox 919 363 1015 425; x_wconf 87' lang='lat' dir='ltr'><strong>aiebat</strong></span> <span class='ocrx_word' id='word_1_11' title='bbox 1031 382 1100 425; x_wconf 87' lang='lat' dir='ltr'><strong>esse</strong></span> 
     </span>
     <span class='ocr_line' id='line_1_3' title="bbox 95 444 1100 528; baseline -0.002 -17"><span class='ocrx_word' id='word_1_12' title='bbox 95 450 281 512; x_wconf 81' lang='lat' dir='ltr'><strong>aureolanus</strong></span> <span class='ocrx_word' id='word_1_13' title='bbox 297 444 492 528; x_wconf 74' lang='lat' dir='ltr'><strong>piscantibus,</strong></span> <span class='ocrx_word' id='word_1_14' title='bbox 509 447 590 507; x_wconf 78' lang='lat' dir='ltr'><strong>cuius</strong></span> <span class='ocrx_word' id='word_1_15' title='bbox 600 445 716 528; x_wconf 80' lang='lat' dir='ltr'><strong>abrupti</strong></span> <span class='ocrx_word' id='word_1_16' title='bbox 733 445 866 509; x_wconf 76' lang='lat' dir='ltr'><strong>darum</strong></span> <span class='ocrx_word' id='word_1_17' title='bbox 886 446 964 507; x_wconf 87' lang='lat' dir='ltr'><strong>nulla</strong></span> <span class='ocrx_word' id='word_1_18' title='bbox 979 457 1100 528; x_wconf 88' lang='lat' dir='ltr'><strong>captura</strong></span> 
     </span>
     <span class='ocr_line' id='line_1_4' title="bbox 96 537 337 615; baseline -0.025 -18"><span class='ocrx_word' id='word_1_19' title='bbox 96 537 215 615; x_wconf 85' lang='lat' dir='ltr'><strong>pensari</strong></span> <span class='ocrx_word' id='word_1_20' title='bbox 224 542 337 615; x_wconf 87' lang='lat' dir='ltr'><strong>posset.</strong></span> 
     </span>
     <span class='ocr_line' id='line_1_5' title="bbox 155 614 1143 697; baseline 0.002 -16"><span class='ocrx_word' id='word_1_21' title='bbox 155 619 344 697; x_wconf 69' lang='lat' dir='ltr'><strong>Magistratus</strong></span> <span class='ocrx_word' id='word_1_22' title='bbox 365 624 453 694; x_wconf 89' lang='lat' dir='ltr'><strong>atque</strong></span> <span class='ocrx_word' id='word_1_23' title='bbox 472 614 604 676; x_wconf 85' lang='lat' dir='ltr'><strong>bonores</strong></span> <span class='ocrx_word' id='word_1_24' title='bbox 626 626 656 676; x_wconf 88' lang='lat' dir='ltr'><strong>et</strong></span> <span class='ocrx_word' id='word_1_25' title='bbox 682 626 748 678; x_wconf 89' lang='lat' dir='ltr'><strong>ante</strong></span> <span class='ocrx_word' id='word_1_26' title='bbox 773 627 888 694; x_wconf 84' lang='lat' dir='ltr'><strong>tempus</strong></span> <span class='ocrx_word' id='word_1_27' title='bbox 911 625 942 676; x_wconf 89' lang='lat' dir='ltr'><strong>et</strong></span> <span class='ocrx_word' id='word_1_28' title='bbox 961 617 1143 697; x_wconf 69' lang='lat' dir='ltr'><strong>quosdamtfi</strong></span> 
     </span>
     <span class='ocr_line' id='line_1_6' title="bbox 69 699 1100 781; baseline 0.001 -20"><span class='ocrx_word' id='word_1_29' title='bbox 69 705 165 764; x_wconf 78' lang='lat' dir='ltr'><strong>anovi</strong></span> <span class='ocrx_word' id='word_1_30' title='bbox 189 704 310 781; x_wconf 86' lang='lat' dir='ltr'><strong>generis</strong></span> <span class='ocrx_word' id='word_1_31' title='bbox 338 708 561 781; x_wconf 81' lang='lat' dir='ltr'><strong>perpetuosque¹</strong></span> <span class='ocrx_word' id='word_1_32' title='bbox 595 703 682 778; x_wconf 88' lang='lat' dir='ltr'><strong>cupit.</strong></span> <span class='ocrx_word' id='word_1_33' title='bbox 735 699 921 762; x_wconf 74' lang='lat' dir='ltr'><strong>consulatum</strong></span> <span class='ocrx_word' id='word_1_34' title='bbox 958 703 1100 762; x_wconf 86' lang='lat' dir='ltr'><strong>vicesimo</strong></span> 
     </span>
     <span class='ocr_line' id='line_1_7' title="bbox 91 782 1100 865; baseline -0.002 -17"><span class='ocrx_word' id='word_1_35' title='bbox 91 791 200 849; x_wconf 90' lang='lat' dir='ltr'><strong>aetatis</strong></span> <span class='ocrx_word' id='word_1_36' title='bbox 215 801 290 846; x_wconf 90' lang='lat' dir='ltr'><strong>anno</strong></span> <span class='ocrx_word' id='word_1_37' title='bbox 306 786 425 861; x_wconf 86' lang='lat' dir='ltr'><strong>invasit,</strong></span> <span class='ocrx_word' id='word_1_38' title='bbox 442 782 566 844; x_wconf 88' lang='lat' dir='ltr'><strong>admotis</strong></span> <span class='ocrx_word' id='word_1_39' title='bbox 580 783 726 844; x_wconf 82' lang='lat' dir='ltr'><strong>hostiliter</strong></span> <span class='ocrx_word' id='word_1_40' title='bbox 741 785 776 845; x_wconf 91' lang='lat' dir='ltr'><strong>ad</strong></span> <span class='ocrx_word' id='word_1_41' title='bbox 798 785 898 846; x_wconf 82' lang='lat' dir='ltr'><strong>urbem</strong></span> <span class='ocrx_word' id='word_1_42' title='bbox 921 785 1100 865; x_wconf 76' lang='lat' dir='ltr'><strong>legionibus,</strong></span> 
     </span>
     <span class='ocr_line' id='line_1_8' title="bbox 93 867 1100 951; baseline 0.001 -20"><span class='ocrx_word' id='word_1_43' title='bbox 93 873 250 950; x_wconf 80' lang='lat' dir='ltr'><strong>missisque</strong></span> <span class='ocrx_word' id='word_1_44' title='bbox 271 871 317 950; x_wconf 93' lang='lat' dir='ltr'><strong>qui</strong></span> <span class='ocrx_word' id='word_1_45' title='bbox 339 868 394 929; x_wconf 93' lang='lat' dir='ltr'><strong>sibi</strong></span> <span class='ocrx_word' id='word_1_46' title='bbox 415 869 533 929; x_wconf 86' lang='lat' dir='ltr'><strong>nominc</strong></span> <span class='ocrx_word' id='word_1_47' title='bbox 556 871 708 929; x_wconf 82' lang='lat' dir='ltr'><strong>exercitus</strong></span> <span class='ocrx_word' id='word_1_48' title='bbox 725 867 933 947; x_wconf 81' lang='lat' dir='ltr'><strong>deposcerent;</strong></span> <span class='ocrx_word' id='word_1_49' title='bbox 959 890 1024 931; x_wconf 89' lang='lat' dir='ltr'><strong>cum</strong></span> <span class='ocrx_word' id='word_1_50' title='bbox 1039 872 1100 951; x_wconf 80' lang='lat' dir='ltr'><strong>qui</strong></span> 
     </span>
     <span class='ocr_line' id='line_1_9' title="bbox 94 952 1099 1032; baseline 0.001 -17"><span class='ocrx_word' id='word_1_51' title='bbox 94 956 161 1015; x_wconf 91' lang='lat' dir='ltr'><strong>dem</strong></span> <span class='ocrx_word' id='word_1_52' title='bbox 177 963 328 1015; x_wconf 75' lang='lat' dir='ltr'>cunctante</span> <span class='ocrx_word' id='word_1_53' title='bbox 343 962 444 1014; x_wconf 83' lang='lat' dir='ltr'><strong>senatu</strong></span> <span class='ocrx_word' id='word_1_54' title='bbox 474 952 632 1014; x_wconf 73' lang='lat' dir='ltr'><strong>Cornelius</strong></span> <span class='ocrx_word' id='word_1_55' title='bbox 648 954 796 1029; x_wconf 87' lang='lat' dir='ltr'><strong>centurio,</strong></span> <span class='ocrx_word' id='word_1_56' title='bbox 819 954 956 1031; x_wconf 89' lang='lat' dir='ltr'><strong>princeps</strong></span> <span class='ocrx_word' id='word_1_57' title='bbox 976 955 1099 1032; x_wconf 83' lang='lat' dir='ltr'><strong>legatio·</strong></span> 
     </span>
     <span class='ocr_line' id='line_1_10' title="bbox 91 1037 1102 1117; baseline 0 -18"><span class='ocrx_word' id='word_1_58' title='bbox 91 1042 153 1117; x_wconf 90' lang='lat' dir='ltr'><strong>nis,</strong></span> <span class='ocrx_word' id='word_1_59' title='bbox 169 1041 281 1099; x_wconf 89' lang='lat' dir='ltr'><strong>reiecto</strong></span> <span class='ocrx_word' id='word_1_60' title='bbox 296 1038 400 1116; x_wconf 87' lang='lat' dir='ltr'><strong>sagulo</strong></span> <span class='ocrx_word' id='word_1_61' title='bbox 419 1038 577 1099; x_wconf 73' lang='lat' dir='ltr'><strong>ostendens</strong></span> <span class='ocrx_word' id='word_1_62' title='bbox 595 1038 686 1116; x_wconf 85' lang='lat' dir='ltr'><strong>gladii</strong></span> <span class='ocrx_word' id='word_1_63' title='bbox 701 1037 851 1117; x_wconf 70' lang='lat' dir='ltr'><strong>capulum,</strong></span> <span class='ocrx_word' id='word_1_64' title='bbox 869 1054 927 1097; x_wconf 90' lang='lat' dir='ltr'><strong>non</strong></span> <span class='ocrx_word' id='word_1_65' title='bbox 944 1037 1102 1099; x_wconf 82' lang='lat' dir='ltr'><strong>dubitasset</strong></span> 
     </span>
     <span class='ocr_line' id='line_1_11' title="bbox 56 1118 1102 1202; baseline -0.002 -18"><span class='ocrx_word' id='word_1_66' title='bbox 56 1143 81 1184; x_wconf 82' lang='lat' dir='ltr'><strong>so</strong></span> <span class='ocrx_word' id='word_1_67' title='bbox 90 1127 119 1184; x_wconf 89' lang='lat' dir='ltr'><strong>in</strong></span> <span class='ocrx_word' id='word_1_68' title='bbox 135 1125 213 1185; x_wconf 89' lang='lat' dir='ltr'><strong>curia</strong></span> <span class='ocrx_word' id='word_1_69' title='bbox 230 1118 343 1184; x_wconf 78' lang='lat' dir='ltr'><strong>dicere:</strong></span> <span class='ocrx_word' id='word_1_70' title='bbox 360 1121 420 1185; x_wconf 83' lang='lat' dir='ltr'><strong>llic</strong></span> <span class='ocrx_word' id='word_1_71' title='bbox 431 1122 546 1201; x_wconf 71' lang='lat' dir='ltr'><strong>facim,</strong></span> <span class='ocrx_word' id='word_1_72' title='bbox 565 1124 597 1183; x_wconf 84' lang='lat' dir='ltr'><strong>si</strong></span> <span class='ocrx_word' id='word_1_73' title='bbox 610 1139 668 1185; x_wconf 78' lang='lat' dir='ltr'><strong>oce</strong></span> <span class='ocrx_word' id='word_1_74' title='bbox 681 1141 743 1184; x_wconf 78' lang='lat' dir='ltr'><strong>nou</strong></span> <span class='ocrx_word' id='word_1_75' title='bbox 755 1121 907 1202; x_wconf 72' lang='lat' dir='ltr'><strong>feceritis.</strong></span> <span class='ocrx_word' id='word_1_76' title='bbox 938 1119 1102 1182; x_wconf 84' lang='lat' dir='ltr'><strong>Secundum</strong></span> 
     </span>
     <span class='ocr_line' id='line_1_12' title="bbox 91 1208 1100 1287; baseline -0.001 -18"><span class='ocrx_word' id='word_1_77' title='bbox 91 1209 270 1269; x_wconf 89' lang='lat' dir='ltr'><strong>consulatum</strong></span> <span class='ocrx_word' id='word_1_78' title='bbox 286 1217 354 1287; x_wconf 91' lang='lat' dir='ltr'><strong>post</strong></span> <span class='ocrx_word' id='word_1_79' title='bbox 367 1226 472 1269; x_wconf 84' lang='lat' dir='ltr'><strong>novem</strong></span> <span class='ocrx_word' id='word_1_80' title='bbox 486 1226 590 1286; x_wconf 88' lang='lat' dir='ltr'><strong>annos,</strong></span> <span class='ocrx_word' id='word_1_81' title='bbox 607 1210 721 1269; x_wconf 87' lang='lat' dir='ltr'><strong>tertium</strong></span> <span class='ocrx_word' id='word_1_82' title='bbox 733 1225 809 1269; x_wconf 89' lang='lat' dir='ltr'><strong>anno</strong></span> <span class='ocrx_word' id='word_1_83' title='bbox 827 1208 985 1269; x_wconf 88' lang='lat' dir='ltr'><strong>interiecto</strong></span> <span class='ocrx_word' id='word_1_84' title='bbox 996 1209 1100 1286; x_wconf 81' lang='lat' dir='ltr'><strong>gessit,</strong></span> 
     </span>
     <span class='ocr_line' id='line_1_13' title="bbox 91 1292 1099 1373; baseline -0.001 -19"><span class='ocrx_word' id='word_1_85' title='bbox 91 1297 240 1373; x_wconf 88' lang='lat' dir='ltr'><strong>sequentis</strong></span> <span class='ocrx_word' id='word_1_86' title='bbox 260 1310 352 1370; x_wconf 89' lang='lat' dir='ltr'><strong>usque</strong></span> <span class='ocrx_word' id='word_1_87' title='bbox 374 1292 409 1351; x_wconf 89' lang='lat' dir='ltr'><strong>ad</strong></span> <span class='ocrx_word' id='word_1_88' title='bbox 430 1292 610 1352; x_wconf 83' lang='lat' dir='ltr'><strong>undecimum</strong></span> <span class='ocrx_word' id='word_1_89' title='bbox 632 1295 825 1370; x_wconf 74' lang='lat' dir='ltr'><strong>continuavit,</strong></span> <span class='ocrx_word' id='word_1_90' title='bbox 846 1294 1004 1372; x_wconf 89' lang='lat' dir='ltr'><strong>multisque</strong></span> <span class='ocrx_word' id='word_1_91' title='bbox 1020 1310 1099 1370; x_wconf 81' lang='lat' dir='ltr'><strong>mox,</strong></span> 
     </span>
     <span class='ocr_line' id='line_1_14' title="bbox 93 1374 1098 1457; baseline 0.001 -20"><span class='ocrx_word' id='word_1_92' title='bbox 93 1396 158 1437; x_wconf 93' lang='lat' dir='ltr'><strong>cum</strong></span> <span class='ocrx_word' id='word_1_93' title='bbox 178 1376 379 1449; x_wconf 81' lang='lat' dir='ltr'><strong>deterrentur,</strong></span> <span class='ocrx_word' id='word_1_94' title='bbox 401 1377 543 1433; x_wconf 83' lang='lat' dir='ltr'><strong>recusatis</strong></span> <span class='ocrx_word' id='word_1_95' title='bbox 569 1374 768 1434; x_wconf 85' lang='lat' dir='ltr'><strong>duodecimum</strong></span> <span class='ocrx_word' id='word_1_96' title='bbox 793 1394 919 1453; x_wconf 74' lang='lat' dir='ltr'><strong>magno,</strong></span> <span class='ocrx_word' id='word_1_97' title='bbox 941 1379 1098 1457; x_wconf 61' lang='lat' dir='ltr'><strong>Que-</strong></span> 
     </span>
     <span class='ocr_line' id='line_1_15' title="bbox 95 1454 1101 1538; baseline -0.002 -20"><span class='ocrx_word' id='word_1_98' title='bbox 95 1458 271 1538; x_wconf 90' lang='lat' dir='ltr'><strong>ptemdecim</strong></span> <span class='ocrx_word' id='word_1_99' title='bbox 293 1472 447 1530; x_wconf 91' lang='lat' dir='ltr'><strong>annorum,</strong></span> <span class='ocrx_word' id='word_1_100' title='bbox 468 1454 622 1513; x_wconf 82' lang='lat' dir='ltr'><strong>intervallo</strong></span> <span class='ocrx_word' id='word_1_101' title='bbox 645 1465 674 1512; x_wconf 85' lang='lat' dir='ltr'><strong>et</strong></span> <span class='ocrx_word' id='word_1_102' title='bbox 698 1473 797 1515; x_wconf 84' lang='lat' dir='ltr'><strong>rursus</strong></span> <span class='ocrx_word' id='word_1_103' title='bbox 820 1461 935 1517; x_wconf 87' lang='lat' dir='ltr'><strong>tertium</strong></span> <span class='ocrx_word' id='word_1_104' title='bbox 958 1459 1101 1516; x_wconf 90' lang='lat' dir='ltr'><strong>decimum</strong></span> 
     </span>
     <span class='ocr_line' id='line_1_16' title="bbox 60 1535 1101 1620; baseline 0 -22"><span class='ocrx_word' id='word_1_105' title='bbox 60 1559 86 1599; x_wconf 83' lang='lat' dir='ltr'><strong>rs</strong></span> <span class='ocrx_word' id='word_1_106' title='bbox 97 1543 214 1603; x_wconf 91' lang='lat' dir='ltr'><strong>biennio</strong></span> <span class='ocrx_word' id='word_1_107' title='bbox 222 1547 291 1620; x_wconf 90' lang='lat' dir='ltr'><strong>post</strong></span> <span class='ocrx_word' id='word_1_108' title='bbox 301 1537 377 1598; x_wconf 89' lang='lat' dir='ltr'><strong>ultro</strong></span> <span class='ocrx_word' id='word_1_109' title='bbox 390 1539 483 1619; x_wconf 88' lang='lat' dir='ltr'><strong>petiit,</strong></span> <span class='ocrx_word' id='word_1_110' title='bbox 498 1535 570 1597; x_wconf 80' lang='lat' dir='ltr'><strong>ntG.</strong></span> <span class='ocrx_word' id='word_1_111' title='bbox 579 1536 819 1596; x_wconf 79' lang='lat' dir='ltr'><strong>etbuciumdlios</strong></span> <span class='ocrx_word' id='word_1_112' title='bbox 829 1540 1005 1617; x_wconf 88' lang='lat' dir='ltr'><strong>amplissimo</strong></span> <span class='ocrx_word' id='word_1_113' title='bbox 1018 1557 1101 1617; x_wconf 87' lang='lat' dir='ltr'><strong>prae·</strong></span> 
     </span>
     <span class='ocr_line' id='line_1_17' title="bbox 95 1619 1101 1702; baseline -0.003 -15"><span class='ocrx_word' id='word_1_114' title='bbox 95 1627 170 1687; x_wconf 87' lang='lat' dir='ltr'><strong>ditus</strong></span> <span class='ocrx_word' id='word_1_115' title='bbox 187 1625 423 1702; x_wconf 78' lang='lat' dir='ltr'><strong>magistratusue</strong></span> <span class='ocrx_word' id='word_1_116' title='bbox 439 1638 582 1702; x_wconf 83' lang='lat' dir='ltr'><strong>quemque</strong></span> <span class='ocrx_word' id='word_1_117' title='bbox 606 1622 740 1682; x_wconf 88' lang='lat' dir='ltr'><strong>tirocinio</strong></span> <span class='ocrx_word' id='word_1_118' title='bbox 765 1619 925 1682; x_wconf 82' lang='lat' dir='ltr'><strong>deduceret</strong></span> <span class='ocrx_word' id='word_1_119' title='bbox 947 1624 975 1681; x_wconf 91' lang='lat' dir='ltr'><strong>in</strong></span> <span class='ocrx_word' id='word_1_120' title='bbox 998 1622 1101 1684; x_wconf 88' lang='lat' dir='ltr'><strong>iorum.</strong></span> 
     </span>
     <span class='ocr_line' id='line_1_18' title="bbox 94 1706 1101 1789; baseline -0.004 -18"><span class='ocrx_word' id='word_1_121' title='bbox 94 1712 228 1789; x_wconf 83' lang='lat' dir='ltr'><strong>Quinque</strong></span> <span class='ocrx_word' id='word_1_122' title='bbox 241 1708 353 1769; x_wconf 89' lang='lat' dir='ltr'><strong>medios</strong></span> <span class='ocrx_word' id='word_1_123' title='bbox 370 1707 538 1769; x_wconf 89' lang='lat' dir='ltr'><strong>consulatus</strong></span> <span class='ocrx_word' id='word_1_124' title='bbox 552 1725 568 1768; x_wconf 92' lang='lat' dir='ltr'><strong>a</strong></span> <span class='ocrx_word' id='word_1_125' title='bbox 582 1715 668 1768; x_wconf 83' lang='lat' dir='ltr'><strong>sexto</strong></span> <span class='ocrx_word' id='word_1_126' title='bbox 684 1706 720 1767; x_wconf 88' lang='lat' dir='ltr'><strong>ad</strong></span> <span class='ocrx_word' id='word_1_127' title='bbox 742 1706 883 1766; x_wconf 87' lang='lat' dir='ltr'><strong>decimum</strong></span> <span class='ocrx_word' id='word_1_128' title='bbox 902 1723 1014 1767; x_wconf 89' lang='lat' dir='ltr'><strong>annuos</strong></span> <span class='ocrx_word' id='word_1_129' title='bbox 1034 1725 1101 1785; x_wconf 86' lang='lat' dir='ltr'><strong>ges·</strong></span> 
     </span>
     <span class='ocr_line' id='line_1_19' title="bbox 94 1791 1101 1874; baseline -0.005 -17"><span class='ocrx_word' id='word_1_130' title='bbox 94 1799 145 1874; x_wconf 86' lang='lat' dir='ltr'><strong>sit,</strong></span> <span class='ocrx_word' id='word_1_131' title='bbox 164 1804 281 1855; x_wconf 89' lang='lat' dir='ltr'><strong>ceteros</strong></span> <span class='ocrx_word' id='word_1_132' title='bbox 295 1802 343 1854; x_wconf 90' lang='lat' dir='ltr'><strong>aut</strong></span> <span class='ocrx_word' id='word_1_133' title='bbox 357 1811 462 1854; x_wconf 86' lang='lat' dir='ltr'><strong>novem</strong></span> <span class='ocrx_word' id='word_1_134' title='bbox 477 1801 525 1854; x_wconf 89' lang='lat' dir='ltr'><strong>aut</strong></span> <span class='ocrx_word' id='word_1_135' title='bbox 540 1811 593 1854; x_wconf 81' lang='lat' dir='ltr'><strong>sex</strong></span> <span class='ocrx_word' id='word_1_136' title='bbox 608 1801 657 1852; x_wconf 86' lang='lat' dir='ltr'><strong>aut</strong></span> <span class='ocrx_word' id='word_1_137' title='bbox 671 1801 807 1870; x_wconf 89' lang='lat' dir='ltr'><strong>quattuor</strong></span> <span class='ocrx_word' id='word_1_138' title='bbox 822 1800 869 1851; x_wconf 91' lang='lat' dir='ltr'><strong>ant</strong></span> <span class='ocrx_word' id='word_1_139' title='bbox 890 1791 981 1852; x_wconf 86' lang='lat' dir='ltr'><strong>tribus</strong></span> <span class='ocrx_word' id='word_1_140' title='bbox 995 1793 1101 1852; x_wconf 91' lang='lat' dir='ltr'><strong>mensi-</strong></span> 
     </span>
     <span class='ocr_line' id='line_1_20' title="bbox 94 1876 1100 1958; baseline -0.005 -17"><span class='ocrx_word' id='word_1_141' title='bbox 94 1880 162 1958; x_wconf 90' lang='lat' dir='ltr'><strong>bus,</strong></span> <span class='ocrx_word' id='word_1_142' title='bbox 184 1878 340 1941; x_wconf 90' lang='lat' dir='ltr'><strong>secundnm</strong></span> <span class='ocrx_word' id='word_1_143' title='bbox 362 1895 433 1938; x_wconf 90' lang='lat' dir='ltr'><strong>vero</strong></span> <span class='ocrx_word' id='word_1_144' title='bbox 455 1879 635 1956; x_wconf 80' lang='lat' dir='ltr'><strong>paucissimis</strong></span> <span class='ocrx_word' id='word_1_145' title='bbox 661 1877 752 1936; x_wconf 89' lang='lat' dir='ltr'><strong>horis.</strong></span> <span class='ocrx_word' id='word_1_146' title='bbox 796 1876 868 1938; x_wconf 90' lang='lat' dir='ltr'><strong>Nam</strong></span> <span class='ocrx_word' id='word_1_147' title='bbox 890 1877 937 1939; x_wconf 90' lang='lat' dir='ltr'><strong>die</strong></span> <span class='ocrx_word' id='word_1_148' title='bbox 952 1878 1018 1939; x_wconf 88' lang='lat' dir='ltr'><strong>llal.</strong></span> <span class='ocrx_word' id='word_1_149' title='bbox 1040 1877 1100 1938; x_wconf 88' lang='lat' dir='ltr'><strong>lan.</strong></span> 
     </span>
     <span class='ocr_line' id='line_1_21' title="bbox 57 1960 1102 2041; baseline 0 -19"><span class='ocrx_word' id='word_1_150' title='bbox 57 1981 159 2027; x_wconf 83' lang='lat' dir='ltr'><strong>aucum</strong></span> <span class='ocrx_word' id='word_1_151' title='bbox 184 1982 267 2024; x_wconf 89' lang='lat' dir='ltr'><strong>mane</strong></span> <span class='ocrx_word' id='word_1_152' title='bbox 293 1981 346 2041; x_wconf 94' lang='lat' dir='ltr'><strong>pro</strong></span> <span class='ocrx_word' id='word_1_153' title='bbox 373 1962 445 2023; x_wconf 88' lang='lat' dir='ltr'><strong>aede</strong></span> <span class='ocrx_word' id='word_1_154' title='bbox 466 1962 621 2040; x_wconf 82' lang='lat' dir='ltr'><strong>Capitolini</strong></span> <span class='ocrx_word' id='word_1_155' title='bbox 646 1960 726 2021; x_wconf 88' lang='lat' dir='ltr'><strong>lovis</strong></span> <span class='ocrx_word' id='word_1_156' title='bbox 747 1961 891 2041; x_wconf 93' lang='lat' dir='ltr'><strong>paululum</strong></span> <span class='ocrx_word' id='word_1_157' title='bbox 915 1962 1007 2024; x_wconf 89' lang='lat' dir='ltr'><strong>curuli</strong></span> <span class='ocrx_word' id='word_1_158' title='bbox 1028 1961 1102 2023; x_wconf 89' lang='lat' dir='ltr'><strong>sella</strong></span> 
     </span>
     <span class='ocr_line' id='line_1_22' title="bbox 93 2046 1100 2130; baseline -0.002 -21"><span class='ocrx_word' id='word_1_159' title='bbox 93 2047 309 2130; x_wconf 87' lang='lat' dir='ltr'><strong>praesedisset,</strong></span> <span class='ocrx_word' id='word_1_160' title='bbox 331 2047 443 2106; x_wconf 92' lang='lat' dir='ltr'><strong>honore</strong></span> <span class='ocrx_word' id='word_1_161' title='bbox 462 2046 531 2107; x_wconf 92' lang='lat' dir='ltr'><strong>abiit</strong></span> <span class='ocrx_word' id='word_1_162' title='bbox 545 2047 668 2107; x_wconf 73' lang='lat' dir='ltr'><strong>suffecto</strong></span> <span class='ocrx_word' id='word_1_163' title='bbox 690 2047 747 2106; x_wconf 91' lang='lat' dir='ltr'><strong>alio</strong></span> <span class='ocrx_word' id='word_1_164' title='bbox 762 2048 791 2106; x_wconf 91' lang='lat' dir='ltr'><strong>in</strong></span> <span class='ocrx_word' id='word_1_165' title='bbox 806 2046 901 2107; x_wconf 90' lang='lat' dir='ltr'><strong>locum</strong></span> <span class='ocrx_word' id='word_1_166' title='bbox 918 2067 1008 2109; x_wconf 90' lang='lat' dir='ltr'><strong>suum.</strong></span> <span class='ocrx_word' id='word_1_167' title='bbox 1036 2046 1100 2108; x_wconf 86' lang='lat' dir='ltr'><strong>Nec</strong></span> 
     </span>
     <span class='ocr_line' id='line_1_23' title="bbox 93 2129 1100 2210; baseline -0.003 -16"><span class='ocrx_word' id='word_1_168' title='bbox 93 2150 195 2195; x_wconf 88' lang='lat' dir='ltr'><strong>omnes</strong></span> <span class='ocrx_word' id='word_1_169' title='bbox 209 2132 337 2207; x_wconf 85' lang='lat' dir='ltr'><strong>Romae,</strong></span> <span class='ocrx_word' id='word_1_170' title='bbox 355 2129 407 2190; x_wconf 92' lang='lat' dir='ltr'><strong>sed</strong></span> <span class='ocrx_word' id='word_1_171' title='bbox 424 2138 553 2207; x_wconf 89' lang='lat' dir='ltr'><strong>quartum</strong></span> <span class='ocrx_word' id='word_1_172' title='bbox 568 2131 748 2191; x_wconf 90' lang='lat' dir='ltr'><strong>consulatum</strong></span> <span class='ocrx_word' id='word_1_173' title='bbox 765 2134 794 2190; x_wconf 94' lang='lat' dir='ltr'><strong>in</strong></span> <span class='ocrx_word' id='word_1_174' title='bbox 810 2129 899 2209; x_wconf 82' lang='lat' dir='ltr'><strong>Asia,</strong></span> <span class='ocrx_word' id='word_1_175' title='bbox 924 2134 1051 2210; x_wconf 87' lang='lat' dir='ltr'><strong>quintum</strong></span> <span class='ocrx_word' id='word_1_176' title='bbox 1072 2135 1100 2192; x_wconf 93' lang='lat' dir='ltr'><strong>in</strong></span> 
     </span>
     <span class='ocr_line' id='line_1_24' title="bbox 92 2214 888 2292; baseline -0.006 -13"><span class='ocrx_word' id='word_1_177' title='bbox 92 2217 186 2279; x_wconf 88' lang='lat' dir='ltr'><strong>insula</strong></span> <span class='ocrx_word' id='word_1_178' title='bbox 205 2216 308 2292; x_wconf 85' lang='lat' dir='ltr'><strong>Samo,</strong></span> <span class='ocrx_word' id='word_1_179' title='bbox 326 2223 460 2275; x_wconf 89' lang='lat' dir='ltr'><strong>octavum</strong></span> <span class='ocrx_word' id='word_1_180' title='bbox 478 2222 508 2273; x_wconf 91' lang='lat' dir='ltr'><strong>et</strong></span> <span class='ocrx_word' id='word_1_181' title='bbox 525 2231 630 2273; x_wconf 91' lang='lat' dir='ltr'><strong>nonum</strong></span> <span class='ocrx_word' id='word_1_182' title='bbox 645 2214 812 2275; x_wconf 85' lang='lat' dir='ltr'><strong>Tarracone</strong></span> <span class='ocrx_word' id='word_1_183' title='bbox 828 2217 888 2275; x_wconf 91' lang='lat' dir='ltr'><strong>init.</strong></span> 
     </span>
     <span class='ocr_line' id='line_1_25' title="bbox 158 2297 1142 2378; baseline -0.001 -17"><span class='ocrx_word' id='word_1_184' title='bbox 158 2301 377 2362; x_wconf 82' lang='lat' dir='ltr'><strong>Triumuiratum</strong></span> <span class='ocrx_word' id='word_1_185' title='bbox 399 2301 442 2358; x_wconf 92' lang='lat' dir='ltr'><strong>rei</strong></span> <span class='ocrx_word' id='word_1_186' title='bbox 465 2316 494 2377; x_wconf 91' lang='lat' dir='ltr'><strong>p.</strong></span> <span class='ocrx_word' id='word_1_187' title='bbox 512 2297 729 2359; x_wconf 90' lang='lat' dir='ltr'><strong>constituendae</strong></span> <span class='ocrx_word' id='word_1_188' title='bbox 748 2318 802 2378; x_wconf 90' lang='lat' dir='ltr'><strong>per</strong></span> <span class='ocrx_word' id='word_1_189' title='bbox 817 2300 919 2361; x_wconf 91' lang='lat' dir='ltr'><strong>decem</strong></span> <span class='ocrx_word' id='word_1_190' title='bbox 941 2317 1033 2360; x_wconf 90' lang='lat' dir='ltr'><strong>annos</strong></span> <span class='ocrx_word' id='word_1_191' title='bbox 1054 2299 1142 2368; x_wconf 60' lang='lat' dir='ltr'><strong>adas!</strong></span> 
     </span>
     <span class='ocr_line' id='line_1_26' title="bbox 58 2381 1101 2463; baseline -0.004 -15"><span class='ocrx_word' id='word_1_192' title='bbox 58 2386 278 2455; x_wconf 72' lang='lat' dir='ltr'><strong>aministravit;</strong></span> <span class='ocrx_word' id='word_1_193' title='bbox 310 2386 339 2444; x_wconf 91' lang='lat' dir='ltr'><strong>in</strong></span> <span class='ocrx_word' id='word_1_194' title='bbox 367 2398 425 2462; x_wconf 90' lang='lat' dir='ltr'><strong>quo</strong></span> <span class='ocrx_word' id='word_1_195' title='bbox 452 2383 558 2444; x_wconf 87' lang='lat' dir='ltr'><strong>restitit</strong></span> <span class='ocrx_word' id='word_1_196' title='bbox 583 2381 698 2462; x_wconf 91' lang='lat' dir='ltr'><strong>quidem</strong></span> <span class='ocrx_word' id='word_1_197' title='bbox 721 2384 884 2463; x_wconf 88' lang='lat' dir='ltr'><strong>aliquandiu</strong></span> <span class='ocrx_word' id='word_1_198' title='bbox 907 2385 1033 2462; x_wconf 87' lang='lat' dir='ltr'><strong>collegis</strong></span> <span class='ocrx_word' id='word_1_199' title='bbox 1065 2402 1101 2444; x_wconf 91' lang='lat' dir='ltr'><strong>ne</strong></span> 
     </span>
     <span class='ocr_line' id='line_1_27' title="bbox 94 2466 1101 2552; baseline -0.004 -19"><span class='ocrx_word' id='word_1_200' title='bbox 94 2490 151 2552; x_wconf 91' lang='lat' dir='ltr'><strong>qua</strong></span> <span class='ocrx_word' id='word_1_201' title='bbox 167 2472 251 2531; x_wconf 90' lang='lat' dir='ltr'><strong>lieret</strong></span> <span class='ocrx_word' id='word_1_202' title='bbox 275 2469 468 2549; x_wconf 89' lang='lat' dir='ltr'><strong>proscriptio,</strong></span> <span class='ocrx_word' id='word_1_203' title='bbox 491 2466 542 2528; x_wconf 89' lang='lat' dir='ltr'><strong>sed</strong></span> <span class='ocrx_word' id='word_1_204' title='bbox 568 2470 712 2547; x_wconf 91' lang='lat' dir='ltr'><strong>inceptam</strong></span> <span class='ocrx_word' id='word_1_205' title='bbox 727 2478 851 2548; x_wconf 90' lang='lat' dir='ltr'><strong>utroque</strong></span> <span class='ocrx_word' id='word_1_206' title='bbox 868 2470 1002 2531; x_wconf 92' lang='lat' dir='ltr'><strong>acerbius</strong></span> <span class='ocrx_word' id='word_1_207' title='bbox 1018 2487 1101 2530; x_wconf 82' lang='lat' dir='ltr'><strong>exer-</strong></span> 
     </span>
     <span class='ocr_line' id='line_1_28' title="bbox 94 2553 1101 2634; baseline 0 -18"><span class='ocrx_word' id='word_1_208' title='bbox 94 2557 162 2617; x_wconf 88' lang='lat' dir='ltr'><strong>cuit.</strong></span> <span class='ocrx_word' id='word_1_209' title='bbox 198 2553 329 2634; x_wconf 90' lang='lat' dir='ltr'><strong>Namque</strong></span> <span class='ocrx_word' id='word_1_210' title='bbox 347 2553 404 2614; x_wconf 91' lang='lat' dir='ltr'><strong>illis</strong></span> <span class='ocrx_word' id='word_1_211' title='bbox 420 2555 449 2613; x_wconf 91' lang='lat' dir='ltr'><strong>in</strong></span> <span class='ocrx_word' id='word_1_212' title='bbox 463 2554 615 2613; x_wconf 86' lang='lat' dir='ltr'><strong>multorum</strong></span> <span class='ocrx_word' id='word_1_213' title='bbox 633 2571 725 2632; x_wconf 86' lang='lat' dir='ltr'><strong>saepe</strong></span> <span class='ocrx_word' id='word_1_214' title='bbox 738 2571 894 2633; x_wconf 90' lang='lat' dir='ltr'><strong>personam</strong></span> <span class='ocrx_word' id='word_1_215' title='bbox 911 2573 965 2634; x_wconf 92' lang='lat' dir='ltr'><strong>per</strong></span> <span class='ocrx_word' id='word_1_216' title='bbox 979 2556 1101 2633; x_wconf 81' lang='lat' dir='ltr'><strong>gratiam</strong></span> 
     </span>
     <span class='ocr_line' id='line_1_29' title="bbox 94 2638 1100 2722; baseline -0.002 -20"><span class='ocrx_word' id='word_1_217' title='bbox 94 2650 123 2702; x_wconf 90' lang='lat' dir='ltr'><strong>et</strong></span> <span class='ocrx_word' id='word_1_218' title='bbox 144 2658 250 2722; x_wconf 87' lang='lat' dir='ltr'><strong>preces</strong></span> <span class='ocrx_word' id='word_1_219' title='bbox 273 2638 489 2715; x_wconf 86' lang='lat' dir='ltr'><strong>exorabilibus,</strong></span> <span class='ocrx_word' id='word_1_220' title='bbox 521 2639 603 2699; x_wconf 90' lang='lat' dir='ltr'><strong>solus</strong></span> <span class='ocrx_word' id='word_1_221' title='bbox 624 2656 804 2719; x_wconf 85' lang='lat' dir='ltr'><strong>magnopere</strong></span> <span class='ocrx_word' id='word_1_222' title='bbox 829 2639 976 2700; x_wconf 87' lang='lat' dir='ltr'><strong>contendit</strong></span> <span class='ocrx_word' id='word_1_223' title='bbox 996 2658 1032 2700; x_wconf 93' lang='lat' dir='ltr'><strong>ne</strong></span> <span class='ocrx_word' id='word_1_224' title='bbox 1055 2642 1100 2701; x_wconf 92' lang='lat' dir='ltr'><strong>cni</strong></span> 
     </span>
     <span class='ocr_line' id='line_1_30' title="bbox 95 2722 1100 2806; baseline -0.001 -20"><span class='ocrx_word' id='word_1_225' title='bbox 95 2731 284 2806; x_wconf 88' lang='lat' dir='ltr'><strong>parceretur,</strong></span> <span class='ocrx_word' id='word_1_226' title='bbox 301 2724 535 2804; x_wconf 89' lang='lat' dir='ltr'><strong>proscripsitque</strong></span> <span class='ocrx_word' id='word_1_227' title='bbox 550 2725 635 2784; x_wconf 92' lang='lat' dir='ltr'><strong>etiam</strong></span> <span class='ocrx_word' id='word_1_228' title='bbox 650 2722 682 2784; x_wconf 87' lang='lat' dir='ltr'><strong>C.</strong></span> <span class='ocrx_word' id='word_1_229' title='bbox 699 2723 857 2785; x_wconf 86' lang='lat' dir='ltr'><strong>Toranium</strong></span> <span class='ocrx_word' id='word_1_230' title='bbox 871 2733 996 2785; x_wconf 84' lang='lat' dir='ltr'><strong>tutorem</strong></span> <span class='ocrx_word' id='word_1_231' title='bbox 1008 2743 1100 2803; x_wconf 90' lang='lat' dir='ltr'><strong>sunm,</strong></span> 
     </span>
     <span class='ocr_line' id='line_1_31' title="bbox 58 2808 1099 2888; baseline 0.002 -20"><span class='ocrx_word' id='word_1_232' title='bbox 58 2824 84 2868; x_wconf 83' lang='lat' dir='ltr'><strong>ao</strong></span> <span class='ocrx_word' id='word_1_233' title='bbox 95 2809 217 2871; x_wconf 92' lang='lat' dir='ltr'><strong>eundem</strong></span> <span class='ocrx_word' id='word_1_234' title='bbox 237 2809 383 2887; x_wconf 86' lang='lat' dir='ltr'><strong>collegam</strong></span> <span class='ocrx_word' id='word_1_235' title='bbox 398 2809 488 2888; x_wconf 89' lang='lat' dir='ltr'><strong>patris</strong></span> <span class='ocrx_word' id='word_1_236' title='bbox 511 2812 553 2868; x_wconf 91' lang='lat' dir='ltr'><strong>sui</strong></span> <span class='ocrx_word' id='word_1_237' title='bbox 570 2808 672 2869; x_wconf 85' lang='lat' dir='ltr'><strong>Octavi</strong></span> <span class='ocrx_word' id='word_1_238' title='bbox 695 2810 723 2868; x_wconf 89' lang='lat' dir='ltr'><strong>in</strong></span> <span class='ocrx_word' id='word_1_239' title='bbox 740 2810 897 2870; x_wconf 86' lang='lat' dir='ltr'><strong>aedilitate.</strong></span> <span class='ocrx_word' id='word_1_240' title='bbox 937 2808 1034 2869; x_wconf 90' lang='lat' dir='ltr'><strong>lunius</strong></span> <span class='ocrx_word' id='word_1_241' title='bbox 1049 2810 1099 2870; x_wconf 91' lang='lat' dir='ltr'><strong>Sa·</strong></span> 
     </span>
     <span class='ocr_line' id='line_1_32' title="bbox 94 2893 1099 2974; baseline -0.005 -19"><span class='ocrx_word' id='word_1_242' title='bbox 94 2896 223 2955; x_wconf 82' lang='lat' dir='ltr'><strong>turrinus</strong></span> <span class='ocrx_word' id='word_1_243' title='bbox 244 2893 300 2954; x_wconf 93' lang='lat' dir='ltr'><strong>hoc</strong></span> <span class='ocrx_word' id='word_1_244' title='bbox 324 2893 445 2973; x_wconf 89' lang='lat' dir='ltr'><strong>amplius</strong></span> <span class='ocrx_word' id='word_1_245' title='bbox 471 2893 572 2972; x_wconf 88' lang='lat' dir='ltr'><strong>tradit,</strong></span> <span class='ocrx_word' id='word_1_246' title='bbox 594 2912 658 2954; x_wconf 90' lang='lat' dir='ltr'><strong>eum</strong></span> <span class='ocrx_word' id='word_1_247' title='bbox 680 2904 800 2973; x_wconf 89' lang='lat' dir='ltr'><strong>peracta</strong></span> <span class='ocrx_word' id='word_1_248' title='bbox 822 2895 1039 2974; x_wconf 90' lang='lat' dir='ltr'><strong>proscriptione</strong></span> <span class='ocrx_word' id='word_1_249' title='bbox 1061 2893 1099 2954; x_wconf 86' lang='lat' dir='ltr'><strong>bl.</strong></span> 
     </span>
     <span class='ocr_line' id='line_1_33' title="bbox 11 2970 1100 3059; baseline -0.004 -19"><span class='ocrx_word' id='word_1_250' title='bbox 11 2970 18 2979; x_wconf 75' lang='grc'><strong><em>’</em></strong></span> <span class='ocrx_word' id='word_1_251' title='bbox 94 2978 219 3059; x_wconf 82' lang='lat' dir='ltr'><strong>Lepidus</strong></span> <span class='ocrx_word' id='word_1_252' title='bbox 240 2979 268 3038; x_wconf 94' lang='lat' dir='ltr'><strong>in</strong></span> <span class='ocrx_word' id='word_1_253' title='bbox 291 2987 393 3039; x_wconf 92' lang='lat' dir='ltr'><strong>senatu</strong></span> <span class='ocrx_word' id='word_1_254' title='bbox 416 2988 587 3039; x_wconf 83' lang='lat' dir='ltr'><strong>excusasset</strong></span> <span class='ocrx_word' id='word_1_255' title='bbox 604 2980 762 3057; x_wconf 88' lang='lat' dir='ltr'><strong>praeterita</strong></span> <span class='ocrx_word' id='word_1_256' title='bbox 785 2989 814 3039; x_wconf 87' lang='lat' dir='ltr'><strong>et</strong></span> <span class='ocrx_word' id='word_1_257' title='bbox 830 2998 913 3058; x_wconf 90' lang='lat' dir='ltr'><strong>spem</strong></span> <span class='ocrx_word' id='word_1_258' title='bbox 930 2978 1100 3040; x_wconf 86' lang='lat' dir='ltr'><strong>clementiae</strong></span> 
     </span>
     <span class='ocr_line' id='line_1_34' title="bbox 95 3064 1100 3144; baseline -0.004 -20"><span class='ocrx_word' id='word_1_259' title='bbox 95 3065 123 3124; x_wconf 88' lang='lat' dir='ltr'><strong>iu</strong></span> <span class='ocrx_word' id='word_1_260' title='bbox 144 3073 294 3144; x_wconf 88' lang='lat' dir='ltr'><strong>posterum</strong></span> <span class='ocrx_word' id='word_1_261' title='bbox 316 3064 454 3140; x_wconf 88' lang='lat' dir='ltr'><strong>iecisset,</strong></span> <span class='ocrx_word' id='word_1_262' title='bbox 480 3066 613 3141; x_wconf 88' lang='lat' dir='ltr'><strong>qnoniam</strong></span> <span class='ocrx_word' id='word_1_263' title='bbox 634 3064 704 3123; x_wconf 87' lang='lat' dir='ltr'><strong>satis</strong></span> <span class='ocrx_word' id='word_1_264' title='bbox 725 3080 882 3141; x_wconf 88' lang='lat' dir='ltr'><strong>poenarum</strong></span> <span class='ocrx_word' id='word_1_265' title='bbox 905 3073 1038 3124; x_wconf 80' lang='lat' dir='ltr'><strong>exactum</strong></span> <span class='ocrx_word' id='word_1_266' title='bbox 1056 3079 1100 3121; x_wconf 89' lang='lat' dir='ltr'><strong>es·</strong></span> 
     </span>
     <span class='ocr_line' id='line_1_35' title="bbox 95 3145 1102 3228; baseline -0.004 -19"><span class='ocrx_word' id='word_1_267' title='bbox 95 3156 155 3226; x_wconf 91' lang='lat' dir='ltr'><strong>set,</strong></span> <span class='ocrx_word' id='word_1_268' title='bbox 171 3147 247 3209; x_wconf 87' lang='lat' dir='ltr'><strong>hunc</strong></span> <span class='ocrx_word' id='word_1_269' title='bbox 262 3168 279 3208; x_wconf 92' lang='lat' dir='ltr'><strong>e</strong></span> <span class='ocrx_word' id='word_1_270' title='bbox 294 3148 411 3208; x_wconf 88' lang='lat' dir='ltr'><strong>diverso</strong></span> <span class='ocrx_word' id='word_1_271' title='bbox 428 3149 609 3225; x_wconf 90' lang='lat' dir='ltr'><strong>prolcssum,</strong></span> <span class='ocrx_word' id='word_1_272' title='bbox 634 3148 680 3207; x_wconf 81' lang='lat' dir='ltr'><strong>ito</strong></span> <span class='ocrx_word' id='word_1_273' title='bbox 694 3148 817 3209; x_wconf 81' lang='lat' dir='ltr'><strong>modum</strong></span> <span class='ocrx_word' id='word_1_274' title='bbox 832 3168 866 3210; x_wconf 80' lang='lat' dir='ltr'><strong>se</strong></span> <span class='ocrx_word' id='word_1_275' title='bbox 880 3145 1102 3228; x_wconf 78' lang='lat' dir='ltr'><strong>proscribendi</strong></span> 
     </span>
     <span class='ocr_line' id='line_1_36' title="bbox 60 3230 1099 3312; baseline -0.003 -19"><span class='ocrx_word' id='word_1_276' title='bbox 60 3231 257 3310; x_wconf 78' lang='lat' dir='ltr'><strong>cetctuisec,</strong></span> <span class='ocrx_word' id='word_1_277' title='bbox 279 3241 313 3293; x_wconf 86' lang='lat' dir='ltr'><strong>ut</strong></span> <span class='ocrx_word' id='word_1_278' title='bbox 334 3231 437 3294; x_wconf 84' lang='lat' dir='ltr'><strong>omnic</strong></span> <span class='ocrx_word' id='word_1_279' title='bbox 458 3230 520 3292; x_wconf 82' lang='lat' dir='ltr'><strong>sibi</strong></span> <span class='ocrx_word' id='word_1_280' title='bbox 533 3233 692 3312; x_wconf 81' lang='lat' dir='ltr'><strong>reliquerit</strong></span> <span class='ocrx_word' id='word_1_281' title='bbox 707 3231 816 3294; x_wconf 81' lang='lat' dir='ltr'><strong>libero.</strong></span> <span class='ocrx_word' id='word_1_282' title='bbox 856 3235 889 3295; x_wconf 94' lang='lat' dir='ltr'><strong>ln</strong></span> <span class='ocrx_word' id='word_1_283' title='bbox 906 3237 985 3293; x_wconf 90' lang='lat' dir='ltr'><strong>cuius</strong></span> <span class='ocrx_word' id='word_1_284' title='bbox 1004 3242 1099 3292; x_wconf 93' lang='lat' dir='ltr'><strong>tamen</strong></span> 
     </span>
     <span class='ocr_line' id='line_1_37' title="bbox 95 3317 1099 3398; baseline -0.002 -20"><span class='ocrx_word' id='word_1_285' title='bbox 95 3318 273 3398; x_wconf 88' lang='lat' dir='ltr'><strong>pertinaciae</strong></span> <span class='ocrx_word' id='word_1_286' title='bbox 298 3318 499 3395; x_wconf 90' lang='lat' dir='ltr'><strong>paenitentiam</strong></span> <span class='ocrx_word' id='word_1_287' title='bbox 522 3326 624 3397; x_wconf 86' lang='lat' dir='ltr'><strong>postea</strong></span> <span class='ocrx_word' id='word_1_288' title='bbox 645 3317 678 3377; x_wconf 89' lang='lat' dir='ltr'><strong>T.</strong></span> <span class='ocrx_word' id='word_1_289' title='bbox 701 3317 815 3378; x_wconf 88' lang='lat' dir='ltr'><strong>Vinium</strong></span> <span class='ocrx_word' id='word_1_290' title='bbox 830 3318 1099 3396; x_wconf 89' lang='lat' dir='ltr'><strong>Philopoemenem,</strong></span> 
     </span>
     <span class='ocr_line' id='line_1_38' title="bbox 95 3401 1089 3482; baseline -0.001 -19"><span class='ocrx_word' id='word_1_291' title='bbox 95 3401 174 3482; x_wconf 87' lang='lat' dir='ltr'><strong>quod</strong></span> <span class='ocrx_word' id='word_1_292' title='bbox 197 3412 347 3482; x_wconf 88' lang='lat' dir='ltr'><strong>patronum</strong></span> <span class='ocrx_word' id='word_1_293' title='bbox 373 3420 454 3463; x_wconf 90' lang='lat' dir='ltr'><strong>suum</strong></span> <span class='ocrx_word' id='word_1_294' title='bbox 481 3403 678 3481; x_wconf 88' lang='lat' dir='ltr'><strong>proscriptum</strong></span> <span class='ocrx_word' id='word_1_295' title='bbox 708 3402 822 3463; x_wconf 90' lang='lat' dir='ltr'><strong>celasse</strong></span> <span class='ocrx_word' id='word_1_296' title='bbox 850 3402 918 3463; x_wconf 93' lang='lat' dir='ltr'><strong>olim</strong></span> <span class='ocrx_word' id='word_1_297' title='bbox 943 3402 1089 3462; x_wconf 90' lang='lat' dir='ltr'><strong>diceretur</strong></span> 
     </span>
     <span class='ocr_line' id='line_1_39' title="bbox 94 3485 1092 3566; baseline -0.001 -19"><span class='ocrx_word' id='word_1_298' title='bbox 94 3488 226 3566; x_wconf 87' lang='lat' dir='ltr'><strong>equestri</strong></span> <span class='ocrx_word' id='word_1_299' title='bbox 249 3487 388 3565; x_wconf 85' lang='lat' dir='ltr'><strong>dignitate</strong></span> <span class='ocrx_word' id='word_1_300' title='bbox 408 3487 568 3548; x_wconf 87' lang='lat' dir='ltr'><strong>honoravit.</strong></span> <span class='ocrx_word' id='word_1_301' title='bbox 612 3486 642 3540; x_wconf 79' lang='lat' dir='ltr'><strong>ln</strong></span> <span class='ocrx_word' id='word_1_302' title='bbox 668 3485 768 3540; x_wconf 70' lang='lat' dir='ltr'><strong>eadere</strong></span> <span class='ocrx_word' id='word_1_303' title='bbox 793 3487 847 3537; x_wconf 66' lang='lat' dir='ltr'><strong>‘ter</strong></span> <span class='ocrx_word' id='word_1_304' title='bbox 868 3496 1013 3548; x_wconf 70' lang='lat' dir='ltr'><strong>potestate</strong></span> <span class='ocrx_word' id='word_1_305' title='bbox 1029 3486 1092 3534; x_wconf 72' lang='lat' dir='ltr'><strong>uul-</strong></span> 
     </span>
     <span class='ocr_line' id='line_1_40' title="bbox 138 3581 887 3633; baseline -0.008 0"><span class='ocrx_word' id='word_1_306' title='bbox 138 3591 290 3633; x_wconf 80' lang='lat' dir='ltr'><strong>SUETOlllUS.</strong></span> <span class='ocrx_word' id='word_1_307' title='bbox 880 3581 887 3605; x_wconf 73' lang='lat'>&#39;</span> 
     </span>
    </p>
   </div>
   <div class='ocr_carea' id='block_1_3' title="bbox 0 0 1172 3870">
    <p class='ocr_par' dir='ltr' id='par_1_3' title="bbox 0 0 1172 3870">
     <span class='ocr_line' id='line_1_41' title="bbox 0 0 1172 3870; baseline 0 0"><span class='ocrx_word' id='word_1_308' title='bbox 0 0 1172 3870; x_wconf 95' lang='lat' dir='ltr'><strong> </strong></span> 
     </span>
    </p>
   </div>
  </div>
 </body>
</html>
