2334 3870
474 191 703 242 nonnnmuns.
1030 181 1089 242 241

95 352 201 412 nullam
216 347 364 426 babuisse,
386 356 542 426 persancte
556 346 680 408 Domitia
694 345 823 406 iurabat:
845 346 920 407 haud
941 357 1092 426 negatura,

97 438 120 496 si
136 453 191 514 qua
205 434 319 495 omnino
336 433 449 507 inisset,
468 433 553 490 immo
571 433 655 491 etiam
669 431 838 509 gloriatura,
856 429 933 511 quod
944 431 985 491 illi
996 449 1093 512 prom·
1116 457 1118 462 v

94 522 251 599 ptissimnm
266 527 329 578 erat
343 518 372 576 in
387 515 518 577 omnibus
532 515 658 594 probris.

157 602 295 663 Excessit
315 604 344 661 in
363 599 463 661 eadem
487 617 542 678 qua
564 609 646 679 pater
660 600 735 661 villa·
747 599 790 659 ld.
810 600 912 678 Septb.
929 600 1091 680 postbien-
1100 602 1133 656 11

67 688 169 747 unium
188 706 223 747 ac
240 703 356 746 menses
379 683 452 744 duos
475 682 595 762 diesque
616 682 680 744 XX.
700 702 784 763 quam
804 692 991 746 successerat
1007 685 1092 763 patri,

92 771 186 831 altero
203 779 231 829 et
249 769 471 848 quadragesimo
492 769 595 827 aetatis
613 785 697 826 anno.
732 769 816 843 Quod
829 778 860 828 ut
876 769 972 849 palam
987 768 1093 828 iactum

94 864 149 931 est,
165 871 327 914 nonsecns
343 863 429 931 atque
445 853 474 912 in
491 851 653 912 domestico
671 851 750 912 luctu
764 789 959 913 maerentibus
976 852 1094 932 publice

95 900 221 1014 cudens,
244 946 359 997 senatus
380 938 459 1015 prius
480 954 565 1016 quam
587 934 682 996 edicto
705 946 916 997 convocaretur
933 937 969 997 ad
987 938 1117 998 curiam.

94 1023 250 1098 concurrit,
269 1021 469 1100 obseratisque
484 1021 576 1082 adbuc
590 1019 718 1098 loribus,
735 1018 839 1080 deinde
855 1021 981 1099 apertis,
1000 1030 1094 1081 tantas

55 1125 83 1166 10
91 1113 202 1164 mortuo
218 1106 328 1183 gratias
344 1105 404 1182 egit
419 1104 577 1184 laudesque
594 1108 753 1183 congessit,
772 1114 941 1183 quantusue
953 1104 1022 1165 vivo
1034 1105 1095 1183 qul·

91 1189 156 1248 dem
170 1207 302 1268 umquam
318 1199 404 1268 atque
420 1190 576 1268 praesenti.

500 1467 701 1476 ..-----....-—-

456 1703 728 1760 oonintldts.

12 1930 18 1935 ,
153 1865 332 1925 Domitianus
355 1870 437 1921 natus
464 1871 508 1922 est
530 1861 622 1923 Vllll.
646 1861 691 1922 lll.
708 1859 850 1922 Novemb.
875 1868 958 1938 patre
975 1859 1120 1929 consule]

93 1949 244 2026 designato
264 1949 425 2023 inituroque
440 1964 540 2006 mense
555 1947 717 2024 insequenti
734 1947 893 2022 bonorem,
912 1944 1035 2022 regione
1049 1961 1094 2004 nr-

93 2034 139 2093 bis
155 2040 237 2091 sexta
249 2032 284 2091 ad
298 2028 403 2090 bialum
417 2028 566 2106 Punicum,
585 2030 670 2090 domo
687 2049 770 2110 qnam
785 2039 890 2131 postea
909 2030 937 2087 in
958 2028 1095 2108 templum

58 2133 84 2176 ιι
94 2117 189 2196 gentis
204 2115 323 2175 Flaviae
339 2114 490 2172 convertit.
522 2075 684 2175 deertatis
699 2135 732 2175 ac
748 2117 856 2214 primae
879 2112 1094 2174 adulescentiae
1162 2165 1163 2169 ,

92 2211 239 2280 tempus
221 2208 299 2261 tanta
314 2198 413 2275 inopia
429 2205 564 2275 tantaque
581 2199 696 2258 iniamia
711 2202 841 2277 gessisse
857 2199 965 2275 fertur,
987 2205 1017 2256 ut
1033 2196 1094 2256 nul-

92 2284 150 2344 lum
170 2293 340 2362 argenteum
362 2299 413 2341 ras
436 2282 464 2340 in
486 2298 539 2339 usn
558 2281 689 2342 haberet.
741 2284 875 2361 Satisque
898 2289 1011 2343 constat
1027 2278 1094 2341 Glo-

10 2402 26 2431 -.
92 2369 167 2429 dium
182 2365 344 2426 Pollionem
358 2367 535 2444 praetorium
552 2368 652 2443 virum,
671 2369 700 2426 in
716 2387 800 2446 quem
816 2377 861 2428 est
881 2384 986 2447 poema
1001 2364 1095 2424 Nero·

10 2472 22 2483 ²
92 2454 138 2510 nis
153 2450 231 2529 quod
246 2448 413 2510 inscribitur
427 2449 551 2527 Luscio,
570 2451 794 2531 chirographum
816 2454 878 2511 eius
901 2466 1096 2512 conservasse

10 2558 24 2565 -
55 2543 122 2594 anet
142 2551 352 2612 nonnumquam
372 2533 529 2611 protulisse
553 2544 668 2596 noctem
691 2536 745 2596 sibi
768 2536 948 2616 pollicentis;
970 2552 1025 2596 nec
1046 2533 1095 2594 dc·

91 2620 205 2679 inerunt
227 2619 275 2696 qui
301 2618 491 2694 affirmarent,
515 2630 679 2700 corruptum
697 2621 888 2681 Domitianum
911 2629 940 2681 et
961 2639 977 2680 a
998 2618 1094 2679 Nerva

92 2718 265 2764 successore
286 2720 356 2764 mon
376 2720 440 2762 suo.
484 2702 569 2764 Bello
592 2705 751 2767 Vitelliano
772 2706 903 2783 conlegit
925 2705 954 2764 in
978 2701 1094 2783 Capito·

91 2786 159 2847 lium
176 2804 239 2846 cum
254 2796 358 2864 patruo
375 2785 482 2847 Sabino
499 2805 535 2847 ao
551 2799 633 2868 parte
649 2791 844 2869 praesentium
861 2790 1025 2867 copiarum,
1042 2786 1096 2848 sed

91 2870 316 2949 irrumpentibus
332 2869 507 2930 adversariis
523 2882 552 2932 et
572 2875 691 2935 ardente
719 2874 829 2953 templo
855 2873 930 2953 apud
952 2872 1096 2934 aedituum

56 2955 167 3016 asciam
182 2954 376 3034 pernoctavit,
393 2972 428 3014 ac
441 2972 525 3014 mane
541 2955 627 3019 Isiaci
650 2958 761 3020 celatus
782 2957 879 3018 babitu
902 2960 1034 3037 interque
1051 2973 1095 3018 sa·

93 3039 240 3100 cribculos
256 3055 349 3097 vanae
365 3039 591 3119 superstitionis,
610 3061 673 3103 cum
689 3062 721 3104 se
738 3053 817 3104 trans
831 3042 956 3103 Tiberim
971 3041 1007 3102 ad
1026 3056 1095 3101 con·

91 3122 226 3201 discipuli
241 3122 284 3182 sui
300 3130 421 3182 matrem
439 3123 543 3183 comite
556 3144 613 3188 nno
626 3128 805 3206 contulisset,
821 3129 859 3188 ita
871 3127 961 3205 latuit,
972 3134 1003 3186 ut
1015 3143 1093 3186 soru-

90 3208 216 3269 tantibus
232 3208 279 3285 qui
297 3207 421 3284 uestigia
436 3206 584 3270 subsecuti
600 3221 682 3273 erant
689 3211 898 3293 ,deprehendi
922 3230 979 3272 non
992 3219 1093 3290 potue·

88 3292 136 3351 rit.
180 3291 252 3351 Post
265 3293 414 3351 victoriam
429 3291 540 3352 demum
556 3315 731 3375 progressus
754 3306 783 3358 et
799 3296 909 3378 Caesar
933 3296 1093 3357 consaluta-

54 3384 145 3453 aotus,
163 3376 303 3436 honorem
321 3385 489 3478 praeturae
491 3379 619 3443 urbanae
637 3383 783 3443 consulari
777 3370 943 3526 potestate
964 3378 1094 3482 suscepit

88 3461 173 3522 titulo
205 3469 308 3537 tenus,
332 3461 413 3541 (nam
423 3442 675 3542 iuuffiictionem
703 3462 776 3529 ad
763 3484 798 3529 co
811 3465 922 3610 legarp6
932 3466 1094 3545 proxumum

142 3567 296 3608 sunromus.
