2334 3870
482 222 511 270 o.
534 220 720 272 oculatius.
1042 206 1100 275 14¹1

105 375 267 437 contionem
291 375 502 455 confestimque
530 376 631 438 urbem
662 377 749 456 petit,
781 376 896 438 dellexa
916 380 992 440 omni
1018 397 1101 441 acer·

103 460 191 522 bitate
212 461 242 520 in
266 469 413 536 senatum,
437 460 483 520 cui
511 460 547 522 ad
567 460 742 523 avertendos
761 469 904 523 tantorum
926 462 1102 525 dedecorum

102 561 233 604 rumores
254 544 350 624 palam
375 542 548 614 minabatur;
573 563 698 625 querens
726 545 801 606 inter
824 554 922 608 cetera
942 546 1102 608 fraudatum

101 646 135 687 se
150 628 227 688 iusto
242 626 402 707 triumpho,
423 629 564 707 cumipse
579 629 664 707 paulo
679 639 762 708 ante,
784 647 821 690 nc
845 628 912 708 quid
934 629 970 691 de
985 628 1100 693 bonori-

79 710 156 773 cbus
188 712 248 771 suis
277 721 429 790 ageretur,
452 712 536 774 etiam
569 710 621 772 sub
649 715 748 774 mortis
778 731 873 792 poena
894 713 1100 775 denuntiasset.

102 794 206 854 Aditus
229 811 302 873 ergo
324 797 354 855 in
368 796 471 856 itinere
497 795 633 873 elegatis
654 796 819 874 amplissimi
834 797 942 859 ordinis
961 805 992 859 ut
1012 804 1144 868 matu-49

102 887 181 939 reret
195 878 357 957 orantibus,
377 897 461 960 quam
475 880 597 940 maxima
612 896 687 939 voce
707 877 830 941 Veniam
843 881 948 961 inquit,
967 881 1100 959 aenium,

101 968 132 1021 et
156 960 208 1023 bie
233 965 366 1025 meeum!
413 962 546 1043 capulum
580 962 669 1040 gladii
701 961 806 1023 crebro
835 965 1020 1043 verberans,
1043 981 1101 1046 quo

101 1045 210 1106 cinctus
225 1054 296 1107 erat.
324 1046 422 1109 Edinit
441 1057 470 1107 et
483 1047 599 1108 reverti
609 1064 660 1124 ae,
689 1046 748 1109 sed
758 1046 799 1108 e's'a
813 1053 930 1108 tuntum
945 1049 997 1128 qui
1013 1056 1101 1127 optu-

66 1136 182 1206 rcreat,
222 1131 356 1210 equestri
381 1131 485 1192 ordint
509 1138 539 1192 et
563 1132 706 1211 populo‚·
732 1149 805 1192 acm
825 1150 860 1193 se
886 1149 985 1212 oeque
1009 1131 1104 1197 civem

98 1230 196 1293 oeque
223 1214 396 1292 principes
429 1216 553 1277 secutae
588 1217 721 1296 amplius
754 1213 836 1295 fore.
888 1216 987 1277 Vetuit
1018 1218 1103 1278 etiam

100 1314 272 1373 quemquam
289 1307 454 1358 senatorum
469 1299 524 1358 sibi
538 1317 705 1375 occurrere,
722 1308 808 1379 atque
824 1303 932 1362 omisso
949 1301 998 1362 vel
1014 1301 1102 1362 dilato

100 1375 244 1454 triumpho
272 1395 363 1437 ovans
394 1378 495 1438 urbem
508 1380 594 1440 natali
625 1401 677 1441 sno
704 1385 854 1458 ingressus
876 1395 940 1454 est;
969 1387 1102 1463 intraque

103 1469 234 1540 quartum
246 1478 375 1520 mensem
392 1464 495 1540 periit,
513 1464 642 1538 ingentia
662 1464 793 1524 facinora
809 1484 894 1525 ausus
910 1475 939 1525 et
955 1467 1101 1543 aliquanto

68 1545 211 1605 ramaiora
242 1543 374 1605 moliens.
424 1544 571 1625 Siquidem
606 1555 801 1622 proposuerat
828 1546 961 1623 Antium,
1000 1546 1104 1608 deinde

100 1627 316 1690 Alexandream
338 1630 544 1708 commigrare,
567 1629 741 1708 interempto
761 1631 840 1708 prius
863 1631 1010 1709 utriusque
1028 1630 1102 1692 ordi·

100 1715 145 1771 nis
162 1711 338 1774 electissimo
366 1732 492 1794 quoque.
539 1712 682 1790 Quodne
709 1714 754 1773 cui
777 1711 891 1774 dubium
907 1712 1052 1790 videatur,
1073 1716 1103 1774 in

101 1798 223 1858 secretis
249 1800 311 1859 eius
337 1801 448 1877 reperti
469 1807 533 1859 sunt
557 1798 612 1859 duo
634 1796 728 1858 libelli
753 1797 871 1859 diverso
894 1795 993 1875 titulo,
1020 1797 1103 1859 alteri

101 1880 264 1959 gladius,
288 1882 370 1944 alteri
392 1885 502 1961 pugio
523 1883 612 1944 index
633 1892 710 1952 erat;
739 1881 823 1943 ambo
841 1883 956 1942 nomina
977 1890 1006 1942 et
1020 1891 1103 1944 notas

64 1988 91 2028 ao
101 1965 287 2025 continebant
315 1968 400 2026 morti
431 1968 646 2029 destinatorum.
695 1967 816 2028 Inventa
847 1977 876 2027 et
904 1985 972 2028 arca
998 1967 1103 2046 ingens

101 2050 247 2109 variorum
261 2067 437 2110 venenorum
455 2050 558 2131 plena,
585 2051 688 2131 quibus
708 2069 777 2111 mox
792 2070 809 2113 a
824 2049 944 2113 Claudio
962 2051 1102 2113 demersis

100 2133 209 2194 iniecta
238 2134 327 2194 maria
358 2133 518 2211 traduntur,
554 2153 612 2196 non
642 2137 706 2195 sins
732 2136 854 2214 piscium
887 2137 992 2214 exitio,
1028 2153 1102 2217 quos

102 2227 222 2279 enectos
238 2227 335 2279 aestus
352 2219 380 2278 in
396 2220 527 2298 proxima
546 2219 631 2280 litora
647 2220 743 2279 eiecit.

165 2303 280 2364 Statura
294 2302 346 2362 init
364 2304 513 2381 eminenti,
537 2303 637 2364 colore
655 2303 818 2384 expallido,
839 2321 965 2385 corpora
983 2303 1144 2382 enormitati

66 2409 92 2449 aa
101 2387 265 2464 gracilitate
280 2389 402 2449 maxima
422 2389 546 2448 cervicis
562 2397 591 2447 et
612 2406 744 2465 crurum,
765 2388 858 2450 oeulis
878 2397 907 2449 et
924 2386 1103 2467 temporibus

102 2473 254 2550 concavis,
276 2472 373 2534 fronte
398 2472 457 2534 lata
482 2482 511 2533 et
533 2481 631 2549 torva,
663 2472 768 2552 capillo
790 2491 858 2536 raro
881 2491 916 2533 ac
942 2473 1019 2534 circa
1038 2490 1103 2533 ver·

101 2556 295 2635 ticemnullo,
315 2556 440 2619 hirsutus
457 2568 566 2618 cetera.
611 2558 708 2634 Quare
734 2566 900 2619 transeunte
927 2575 963 2618 eo
988 2556 1102 2637 prospi-

103 2661 171 2703 cere
194 2661 232 2704 ex
253 2643 405 2722 superiore
428 2652 524 2723 parte,
547 2653 593 2703 aut
616 2643 728 2703 omnino
752 2659 931 2722 quacumque
952 2641 989 2704 de
1016 2660 1103 2704 causa

103 2745 218 2805 capram
242 2730 404 2806 nominare,
429 2729 612 2788 criminosum
638 2737 667 2788 et
683 2726 799 2788 exitiale
820 2725 988 2788 habebatur.
1031 2725 1103 2788 Vul-

66 2819 160 2872 eotum
175 2830 247 2872 vero
259 2822 360 2874 natura
380 2812 526 2874 borridum
543 2832 577 2874 ac
594 2822 697 2875 tetrum
716 2813 799 2872 etiam
822 2830 860 2872 ex
878 2809 1017 2872 industria
1032 2810 1101 2872 ebe·

102 2896 198 2973 rabat,
225 2914 403 2977 componens
423 2897 459 2959 ad
485 2898 635 2977 speculum
654 2899 683 2958 in
700 2913 812 2956 omnem
831 2904 973 2957 terrorem
993 2912 1028 2956 ac
1043 2895 1102 2955 ior·

101 2980 245 3040 midinem.
1154 2997 1156 3002 ·

165 3065 301 3125 Valitudo
320 3067 348 3125 ei
365 3085 461 3145 neque
479 3067 611 3145 corporis
630 3083 724 3146 neque
746 3066 830 3127 animi
847 3065 983 3126 constitit.
1028 3061 1105 3123 l'uer

103 3149 239 3209 comitiali
254 3148 356 3210 morbo
370 3159 508 3228 vexatus,
530 3153 558 3211 in
574 3150 769 3212 adulescentia
789 3152 828 3212 ita
842 3153 955 3230 patiens
973 3146 1104 3209 laborum

67 3253 93 3295 aa
103 3241 178 3310 erat,
200 3241 230 3293 ut
247 3243 341 3294 tamen
356 3251 565 3314 nonnumquam
581 3234 674 3297 subita
688 3234 854 3296 deiectione
868 3234 998 3314 ingredi,
1013 3241 1102 3308 stare,

104 3317 247 3395 colligere
262 3329 354 3380 semet
371 3338 406 3381 ac
421 3319 544 3381 sufferre
558 3319 609 3379 vix
630 3329 739 3398 posset.
790 3319 894 3381 Mentis
917 3316 1099 3379 valitudinem

103 3411 132 3461 st
153 3403 218 3480 ipse
249 3414 381 3466 senserat
406 3423 442 3466 ac
472 3402 593 3465 subinde
619 3403 655 3464 de
684 3422 806 3465 secessu
833 3403 927 3483 deque
950 3400 1096 3483 purganda

103 3485 227 3547 cerebro
255 3488 393 3549 copitqvit
448 3487 580 3550 (laeditur
605 3490 770 3544 nr'ianotna
802 3507 813 3540 r
844 3486 985 3547 ‚langonio
1009 3503 1098 3537 manre
