2334 3870
95 209 155 270 142
184 219 214 268 c.
231 216 382 267 euuuonr
396 213 524 273 nanno.
540 213 588 259 ne
602 212 685 259 uma
701 211 887 261 causunun
902 213 976 264 urs.
989 218 1061 266 1111.

95 376 234 439 amatorio
253 372 367 451 quidem
391 368 615 443 medicamento,
640 366 694 426 sed
709 366 788 447 quod
803 368 834 427 in
849 367 980 430 imorem
999 382 1099 432 uerte·

94 462 141 521 rit.
184 456 360 518 lncitabatur
379 453 520 512 insomnia
537 451 675 520 maxime;
696 453 883 531 nequeenim
909 452 976 532 plus
1007 473 1098 534 quam

95 543 186 605 tribus
202 541 349 603 nocturnis
371 536 452 597 horis
467 535 654 614 quiescebat,
676 553 712 596 ac
734 552 771 595 ne
788 536 825 595 iis
847 536 958 616 quidem
973 537 1095 616 placida

95 630 209 708 quiete,
231 624 283 687 sed
299 621 402 702 pavida
416 620 496 678 miris
515 638 611 680 rerum
625 618 812 698 imaginibus,
836 629 869 680 ιιι
889 622 938 700 qui
949 622 1024 681 iuter
1039 640 1089 682 ce·

93 720 173 773 teras
194 710 294 791 pelagi
309 704 451 785 quondam
473 705 603 782 speciem
624 704 969 783 conloquentem-secum
990 703 1089 765 uidere
1111 721 1124 760 5

95 795 173 856 uisus
190 794 235 852 sit.
280 790 411 868 Ideoque
436 806 540 865 magna
562 797 644 866 parte
665 789 760 848 noctis
779 788 902 865 vigiliae
915 787 1094 867 cubandique

93 879 188 941 taedio
203 892 279 935 nunc
295 882 359 934 toro
373 873 521 949 residens,
542 890 618 931 nunc
632 891 686 950 per
699 872 888 949 longissimas
903 873 1035 952 porticus
1048 890 1097 933 va-

92 981 147 1042 gus
162 961 301 1020 invocare
316 957 471 1017 identidem
488 967 575 1035 atquc
589 965 749 1034 expectare
765 957 863 1017 lucem
877 965 1043 1018 consuerat.

51 1049 85 1104 ⁶1
153 1043 220 1104 Non
234 1044 367 1103 inmerito
381 1043 485 1101 mentis
499 1039 646 1101 valitudini
660 1040 840 1102 attribuerim
854 1040 1052 1102 diversissima
1071 1042 1100 1100 in
1147 1067 1149 1071 ·

94 1130 198 1192 eodem
214 1128 297 1202 uitia,
316 1143 451 1185 summam
467 1122 666 1184 confidentiam
688 1133 717 1184 et
734 1134 836 1186 contra
850 1126 967 1186 nimiunn
981 1133 1133 1186 mammas

93 1212 230 1291 Numqui
249 1211 321 1269 deos
339 1218 418 1270 tanto
434 1226 527 1287 opere
548 1216 762 1288 contemneret,
787 1209 825 1271 ad
844 1210 958 1270 minima
973 1208 1101 1269 tonitrua

95 1308 124 1359 et
139 1297 253 1374 fulgura
273 1295 429 1370 conivere,
454 1302 540 1373 eaput
563 1292 740 1370 obvolvere,
762 1302 791 1354 at
813 1310 886 1354 vero
904 1295 1016 1355 maiore
1031 1309 1099 1372 pro-

95 1385 194 1462 ripere
214 1398 247 1439 se
261 1397 278 1438 e
293 1387 383 1438 strato
401 1377 454 1438 sub
478 1378 643 1457 lectumque
659 1377 788 1438 condere
805 1377 929 1440 solebat.
961 1377 1099 1455 Peregri-

94 1468 212 1528 natione
233 1463 347 1543 quidem
369 1462 513 1522 Siciliensi
533 1464 625 1523 irrisis
646 1462 762 1522 multum
785 1461 919 1524 locorum
939 1459 1100 1536 miraculis,

94 1559 217 1629 repente
238 1568 254 1609 a
275 1548 410 1609 blessana
430 1557 517 1609 noctu
535 1547 664 1627 profugit
678 1547 803 1607 Aetnaei
827 1546 947 1607 verticis
968 1544 1050 1606 fumo
1065 1561 1100 1605 ac
1109 1565 1132 1604 ιι

93 1652 237 1694 murmure
252 1634 432 1713 pavefactus.
476 1632 627 1693 Adversus
647 1631 790 1694 barbaros
807 1648 925 1711 quoque
938 1629 1099 1691 minacissi-

94 1736 173 1797 mus,
204 1736 267 1778 cum
289 1727 367 1778 nans
384 1717 516 1779 Rhenum
538 1719 612 1776 inter
627 1717 777 1793 angustias
793 1716 971 1794 densumque
993 1731 1100 1792 agmen

95 1806 151 1864 iter
169 1801 275 1864 essedo
296 1803 424 1880 laceret,
457 1802 572 1862 dicente
598 1800 723 1879 quodam
747 1819 806 1862 non
830 1799 1009 1860 mediocrem
1033 1797 1100 1858 iore

96 1888 359 1948 consternationem
380 1886 500 1947 sicunde
521 1885 614 1945 hostis
633 1894 788 1965 appareat,
809 1902 912 1964 equum
936 1882 1005 1944 ilico
1028 1898 1099 1941 con·

5 2004 11 2017 ·
94 1969 207 2033 scendit
222 1987 258 2030 ac
279 1987 407 2051 propero
422 1988 559 2030 reversus
575 1968 612 2030 ad
634 1979 754 2049 pontes,
776 1978 807 2029 ιιι
831 1986 883 2030 eos
900 1965 1053 2029 calonibus
1071 1973 1132 2025 etao

94 2052 308 2134 impedimentis
328 2057 450 2135 stipatos
470 2056 618 2134 repperit,
640 2056 792 2135 impatiens
815 2070 914 2114 morae
931 2069 985 2130 per
998 2067 1100 2112 manue

94 2158 130 2201 ac
146 2158 236 2218 super
253 2142 349 2218 capita
368 2138 512 2200 homiuum
533 2139 689 2200 translatus
711 2149 765 2199 est.
808 2138 878 2200 blox
897 2138 982 2196 etiam
1003 2133 1100 2197 audita

95 2223 259 2286 rebellione
282 2223 466 2302 Germaniae,
488 2224 586 2301 lugam
605 2233 635 2283 et
656 2223 783 2284 subsidia
802 2223 892 2300 fugae
912 2221 1025 2282 classes
1049 2237 1099 2297 ap-

95 2309 232 2389 parabat,
250 2328 306 2370 uno
333 2308 438 2369 solatio
465 2308 673 2388 adquiescens,
708 2309 911 2367 transmarinas
936 2312 1018 2365 certe
1044 2301 1100 2363 sibi

92 2394 296 2474 ‘superfuturas
312 2395 495 2472 prouincias,
518 2395 542 2453 si
557 2393 684 2473 uictores
698 2389 816 2468 Alpium
831 2393 915 2468 iuga,
934 2398 966 2450 ιιι
978 2387 1131 2464 Cimbris

96 2477 251 2537 ueletiam
275 2475 392 2553 urbem,
416 2486 446 2537 ut
467 2478 600 2537 Senones
627 2473 785 2553 quondam,
805 2481 999 2553 occuparent;
1023 2470 1101 2534 unde

96 2558 186 2618 credo
217 2560 441 2638 percussoribus
470 2562 533 2620 eius
564 2567 669 2637 postea
699 2559 850 2620 consilium
876 2567 988 2635 natum,
1023 2556 1101 2636 apud

93 2640 298 2703 tumultuantes
318 2641 425 2703 milites
443 2641 630 2719 ementiendi,
653 2645 747 2721 ipsum
770 2642 825 2703 sibi
847 2661 946 2704 manus
965 2641 1101 2702 intulisse

93 2724 192 2785 nuntio
208 2725 301 2786 malae
318 2743 434 2804 pugnae
451 2726 644 2806 perterritum.
928 2722 932 2731 ’

53 2818 88 2872 tt
159 2809 275 2869 Vestitu
293 2808 475 2890 calciatuque
492 2818 521 2870 et
539 2818 638 2871 cetero
658 2810 756 2872 habitu
777 2830 874 2890 neque
893 2811 987 2889 patrio
1002 2818 1133 2889 nequett

104 2893 191 2970 tritt,
221 2910 257 2954 ac
278 2910 316 2953 ue
331 2894 407 2955 uirili
424 2893 539 2974 quidem
553 2911 590 2955 ac
605 2895 731 2974 denique
751 2894 875 2957 humano
895 2912 1013 2974 semper
1030 2913 1100 2955 usus

104 2988 151 3041 est.
196 2979 292 3055 Saepe
307 2975 439 3057 depictas
458 2988 675 3060 gemmatasque
690 2979 803 3040 indutus
826 2979 982 3058 paenulas,
1001 2995 1099 3039 manu·

95 3064 190 3126 leatus
205 3071 235 3125 et
249 3060 407 3124 armillatus
422 3065 451 3124 in
466 3063 613 3144 publicum
628 3065 787 3145 processit;
817 3063 971 3143 aliquando
990 3063 1099 3124 serica·

96 3158 143 3209 tus
160 3157 190 3210 et
205 3145 386 3224 cycladatus3
415 3166 450 3209 ac
469 3148 555 3209 modo
572 3151 601 3209 in
621 3149 748 3229 crepidis
761 3148 811 3210 uel
828 3147 989 3225 cothurnis,
1010 3146 1098 3209 modo

96 3234 125 3293 ln
152 3232 347 3312 speculatoria
373 3232 485 3311 caliga,
508 3251 717 3313 ucurrumquarn
744 3251 835 3295 socco
863 3231 1012 3302 muliebri;
1035 3231 1134 3312 ple-sa

100 3333 217 3396 rumque
240 3335 311 3377 vero
334 3335 420 3378 aurea
444 3317 526 3378 bart.
576 3319 676 3368 :nume
699 3328 801 3378 terens
822 3326 870 3378 aut
888 3317 1029 3378 fuscinam
1050 3325 1100 3377 aut

99 3399 255 3462 caduceum
272 3401 320 3462 (ιβ’
340 3421 391 3463 um
412 3403 526 3482 insignia
792 3402 906 3462 'teneris
928 3401 1007 3462 cultu
1029 3417 1098 3462 con·

100 3493 208 3552 apv‘rn
250 3495 282 3532 -ιι
350 3488 538 3536 dr’umnlralo..
600 3506 671 3532 ..nm
769 3504 826 3536 :un
859 3488 941 3544 etiam
964 3494 1031 3548 ante
1046 3502 1097 3546 ex.
