2334 3870
51 186 53 191 ’
107 183 147 243 74
191 192 220 241 c.
237 192 387 241 sunnour
405 190 595 252 rannone
612 184 896 237 truncantem
910 188 982 238 urs.
999 189 1037 240 11.

106 349 253 410 stellarum
271 346 406 408 caelestis
423 365 525 421 ursae,
542 345 594 405 sed
609 353 638 403 et
656 343 740 403 callis
756 341 943 421 quibusdam,
962 362 1003 405 ex
1016 360 1112 425 prurr·

105 435 173 510 gine
196 433 331 510 corporis
353 430 530 509 adsiduoque
550 437 579 488 et
598 426 761 487 vehementi
784 426 901 503 strigilis
917 444 971 487 usu
986 428 1111 506 plurila·

104 518 176 577 riam
197 516 343 576 concretis
364 513 399 575 ad
413 513 589 592 impetiginis
602 511 733 571 lormam.
766 508 930 571 (loxendice
942 518 975 569 et
987 511 1110 572 femore

105 610 136 660 et
152 618 236 660 crure
253 599 369 658 sinistro
386 616 444 658 nou
461 596 581 676 perinde
599 595 729 672 valebat,
747 602 777 653 ut
793 610 881 673 saepe
892 593 977 653 etiam
990 595 1106 654 inclau-

105 684 230 752 dicaret;
253 681 306 743 sed
324 681 452 742 remedio
472 681 641 742 harenarum
656 688 741 757 atque
756 676 939 737 harundinum
951 677 1126 744 confirma-s

105 769 198 829 batur.
224 767 352 825 Dextrae
373 783 488 845 quoque
510 782 609 825 manus
630 762 748 840 digitum
770 762 925 822 salutarem
941 760 1100 826 tamimbe·

105 853 201 912 cillum
215 849 355 908 interdum
369 849 519 926 sentiebat,
532 857 562 908 ut
572 857 735 925 torpentem
745 854 982 924 contractumque
992 844 1107 923 irigore

103 937 154 995 vix
169 933 270 994 cornei
286 934 385 993 circuli
397 932 598 1012 supplemento
610 933 769 1009 scripturae
781 929 963 991 admoveret
981 928 1108 1005 Questus

105 1027 150 1079 est
172 1027 202 1078 et
222 1017 257 1077 de
277 1020 390 1093 vesica,
416 1018 497 1076 cuius
518 1015 622 1075 dolore
645 1013 764 1074 calculis
787 1013 900 1073 demum
920 1030 975 1092 per
994 1014 1105 1074 urinam

106 1104 208 1163 eiectis
223 1100 382 1161 levabatur.
1112 1120 1138 1162 to

60 1193 94 1250 81
169 1186 279 1247 Graves
302 1193 331 1243 et
351 1182 534 1261 periculosas
553 1182 725 1243 valitudines
750 1200 804 1259 per
825 1197 938 1241 omnem
951 1180 1040 1239 vitam
1052 1179 1104 1240 ali·

103 1279 173 1348 quot
195 1276 333 1345 expertus
354 1274 413 1335 est;
438 1268 596 1345 praecipue
617 1265 772 1327 Cantabria
791 1264 917 1342 domita,
938 1281 1003 1323 oum
1022 1265 1108 1324 etiam

102 1350 336 1412 distillationibus
362 1350 494 1409 iocinere
521 1352 622 1411 vitiato
644 1351 680 1411 ad
701 1349 940 1428 desperationem
960 1347 1109 1420 redactus,

104 1437 276 1498 contrariam
299 1444 329 1494 et
347 1435 501 1512 ancipitem
515 1437 655 1496 rationem
670 1432 802 1494 medendi
816 1433 990 1495 necessario
1005 1431 1109 1494 subiit:

103 1522 169 1601 quia
191 1519 283 1580 calida
303 1519 430 1579 lementa
450 1535 508 1579 nou
530 1519 699 1599 proderant,
725 1516 841 1593 frigidis
866 1517 963 1577 curari
987 1525 1143 1583 coactura

103 1613 223 1665 auctore
235 1603 365 1664 Antonio
379 1602 471 1663 illusa.

164 1687 308 1762 Quasdam
329 1696 358 1746 et
379 1687 590 1746 anniversarias
611 1705 647 1746 ac
668 1696 801 1765 tempore
817 1693 900 1744 certo
919 1693 1109 1745 recurrentes

103 1770 323 1848 experiebatur;
345 1786 409 1828 nam
430 1768 482 1827 sub
503 1769 629 1828 natalem
645 1788 726 1829 suum
744 1768 914 1847 plerumque
930 1766 1107 1845 languebat;

101 1863 133 1914 et
146 1853 227 1913 initio
241 1853 320 1909 veris
337 1849 576 1928 praecordiorum
589 1852 739 1913 inflatione
752 1851 956 1930 temptabatur,
970 1852 1108 1913 austrinis

70 1936 74 1944 '
102 1946 196 1997 autem
221 1933 439 2011 tempestatibus
464 1935 633 2010 gravedine.
679 1937 776 2011 Quare
803 1944 941 2015 quassato
965 1953 1139 2015 corporato

57 2033 195 2097 saneque
209 2017 321 2093 frigora
335 2034 429 2095 neque
447 2026 543 2077 aestus
559 2018 648 2078 facile
662 2019 817 2080 tolerabat
837 2019 944 2079 'llicme
956 2021 1109 2098 quaternis

102 2120 166 2162 cum
181 2102 281 2180 pingui
299 2110 370 2177 toga
384 2102 488 2160 tunicis
502 2111 531 2161 et
546 2102 685 2164 subucula
699 2113 728 2164 et
741 2102 863 2163 thorace
878 2103 967 2164 laneo
983 2111 1014 2162 et
1024 2103 1108 2164 lemi-

100 2185 212 2247 nalibus
228 2195 257 2244 et
272 2185 416 2245 tibialibus
430 2186 625 2263 muniebatur,
641 2196 752 2248 aestate
769 2188 879 2267 apertis
893 2186 1020 2247 cubiculi
1035 2187 1107 2248 lori·

99 2269 170 2349 bus,
192 2288 227 2330 ac
249 2278 339 2350 saepe
358 2271 387 2329 in
408 2270 552 2347 peristylo
573 2271 696 2332 saliente
717 2289 791 2350 aqua
806 2279 893 2350 atque
907 2272 995 2332 etiam
1012 2271 1106 2331 renti·

99 2356 178 2416 laute
199 2354 297 2433 aliquo
320 2353 451 2415 cubabat.
485 2355 564 2414 Solis
577 2373 650 2415 vero
668 2374 704 2414 ne
718 2353 832 2414 hiberni
846 2355 962 2434 quidem
980 2356 1139 2434 patiens,rs

100 2440 177 2499 domi
200 2455 314 2516 quoque
335 2440 449 2498 nonnisi
464 2448 612 2516 petasatus
626 2438 680 2497 sub
696 2439 764 2498 diro
777 2438 966 2517 spatiabatur.
995 2437 1107 2499 ltinera

98 2521 205 2580 lectica
226 2530 255 2579 et
274 2521 409 2580 noctibus
428 2521 508 2597 lere,
529 2539 621 2598 caque
641 2522 719 2582 lenta
734 2540 771 2582 ae
786 2524 894 2583 minuta
907 2522 1055 2601 iaciebat,
1075 2530 1107 2585 ut

106 2603 256 2661 ?raeueste
280 2603 329 2679 rel
344 2604 433 2662 Tibur
452 2603 540 2663 biduo
562 2605 756 2682 procederet;
778 2624 815 2666 ac
831 2608 856 2666 si
872 2624 930 2686 quo
944 2608 1105 2686 pervenire

104 2686 168 2743 nari
190 2694 308 2761 posset,
330 2687 427 2763 potius
446 2687 610 2763 navigabat.
647 2691 755 2749 Verum
780 2699 888 2751 tantam
909 2692 1106 2752 infirmitatem

106 2785 202 2843 oagna
226 2785 294 2826 cura
308 2769 456 2845 tuebatur,
479 2771 507 2827 iu
525 2772 625 2847 primis
639 2772 754 2833 lavandi
769 2776 887 2835 raritate
902 2773 1139 2855 (unguebaturao

102 2852 173 2910 enim
197 2851 341 2928 saepius).
373 2851 432 2911 Aut
451 2851 572 2913 sudabat
591 2855 627 2915 ad
647 2856 799 2934 dammam,
821 2857 927 2918 deiude
945 2858 1105 2937 perfunde-

104 2937 180 2994 iatur
205 2934 320 3009 egelida
344 2954 417 3014 aqua
441 2937 490 2997 rel
510 2938 576 2997 sole
595 2940 683 2999 multo
704 2942 870 3021 tepefacta;
897 2951 946 3002 aut
967 2944 1105 3022 quotiens

108 3034 252 3075 ,aevaeum
279 3036 365 3079 causa
390 3022 508 3081 marinis
535 3022 698 3103 albulisque
722 3025 824 3085 calidis
849 3026 987 3087 utendum
1012 3035 1104 3104 esset,

110 3110 250 3161 inuentus
267 3094 401 3163 hocerat
415 3114 445 3164 ut
461 3105 590 3165 insidens
606 3107 705 3184 ligneo
720 3109 808 3186 solio,
824 3108 903 3188 quod
916 3113 984 3190 ipse
997 3109 1104 3191 llispa·

98 3187 164 3236 ··lss‘t
179 3184 271 3244 verbu
286 3185 407 3236 diripiam
436 3189 550 3236 ·onsluu
574 3208 712 3236 manneae
740 3193 1139 3256 indnenltemigigofflgffi

182 3268 205 3292 ³
601 3311 606 3316 -
806 3311 821 3320 --
852 3294 991 3337 ····*orum
1005 3279 1105 3339 statim

106 3386 137 3426 ru
373 3388 378 3396 ·
422 3387 442 3412 su
658 3391 723 3404 ······
774 3391 855 3419 ···unv
882 3360 1104 3442 folliculumque

100 3440 202 3484 mnan·
253 3467 264 3480 ..
336 3459 388 3484 ...m
420 3437 480 3484 slim
533 3471 576 3484 ω..
664 3475 695 3484 ...
792 3475 809 3480 --
827 3441 1033 3503 tlsnmhnlplnnt
1063 3448 1106 3509 it.
