2286 3862
249 507 292 591 o
326 506 565 592 suenoni
593 507 934 596 unhuoumm

105 694 226 795 DE
279 692 512 794 VITA
569 690 1085 796 CAESARUM

475 893 615 959 LIBER
639 893 715 958 VII.

241 1085 411 1156 GALBA.
462 1085 604 1158 ΟΤΗΟ.
658 1084 926 1157 munros,-

480 1295 712 1306 --—-—-·-—-..

416 1496 418 1501 ,
514 1431 669 1485 osius.

65 1616 78 1656 5
144 1578 316 1667 Progenies
340 1587 499 1650 Caesarum
521 1587 550 1645 in
575 1585 695 1648 Nerone
721 1586 842 1647 defecit:
868 1586 1120 1665 quodiutururu,l

90 1672 289 1753 compluribus
301 1673 416 1752 quidem
429 1673 531 1750 siguis,
542 1671 594 1732 sed
605 1671 655 1732 vel
673 1670 897 1732 evidentissimis
915 1669 1028 1732 duobus
1044 1687 1093 1748 ap*

90 1761 193 1838 paruit.
222 1757 333 1834 Liviae,
347 1757 416 1818 olim
433 1765 502 1835 post
519 1755 642 1834 Augusti
659 1758 753 1816 statim
771 1756 885 1834 nuptias
902 1755 1094 1816 Veientanum

91 1861 171 1903 suum
184 1843 334 1918 reuisenti,
351 1841 575 1921 praetervolans
589 1839 942 1920 aquilugallinarualbam,
956 1836 1095 1899 ramulum

90 1927 163 1984 lauri
180 1933 278 1984 rostro
297 1933 458 2001 tenentem,
477 1925 514 1985 ita
533 1934 564 1986 ut
581 1934 733 2004 rapuerat,
757 1924 871 1984 demisit
889 1925 918 1984 in
936 1923 1092 2002 gremium;

56 2030 82 2071 uo
93 2025 214 2087 eumque
226 2007 328 2067 nutriri
344 2007 449 2085 alitem,
463 2009 553 2087 pangi
564 2008 701 2070 ramulum
716 2009 892 2088 placuisset,
909 2017 988 2070 tanta
999 2007 1093 2087 pullo·

90 2110 152 2152 rum
165 2091 285 2153 suboles
298 2092 450 2170 provenit,
464 2100 493 2151 ut
505 2091 652 2172 hodieque
668 2110 702 2152 sa
717 2093 788 2153 villa
808 2092 843 2152 ad
859 2091 987 2155 Gallinas
1004 2108 1093 2151 voee-

90 2186 146 2254 tur,
160 2177 218 2237 tale
230 2193 302 2237 vero
316 2177 468 2253 lauretum,
481 2184 511 2235 nt
521 2176 720 2255 triumphaturi
734 2176 878 2237 Caesares
891 2177 958 2237 inde
979 2175 1093 2235 laureas

91 2262 303 2341 decerperent3
315 2262 427 2340 luitque
438 2277 502 2320 mos
522 2261 772 2339 triumphantibus,
789 2261 855 2323 illas
873 2259 1027 2323 confestim
1045 2274 1093 2318 eo-

91 2347 155 2406 dem
168 2347 235 2406 looo
248 2364 396 2426 pangers;
410 2354 440 2405 ei
452 2345 639 2406 observatum
650 2352 705 2423 est,
718 2345 772 2406 snb
784 2346 924 2424 cuiusque
934 2345 1043 2406 obitum
1051 2361 1093 2404 ar·

54 2456 80 2498 ir
91 2432 194 2491 borem
205 2430 241 2491 ab
253 2433 319 2510 ipso
333 2431 488 2490 institutam
501 2430 679 2507 elanguisse.
702 2428 786 2508 Ergo
798 2431 956 2491 noussimo
968 2428 1094 2488 Neronis

90 2533 166 2576 anno
180 2524 208 2574 et
222 2515 296 2576 silva
309 2516 402 2575 omnis
419 2515 532 2575 exaruit
542 2514 697 2590 radicitus,
715 2522 745 2574 et
762 2513 898 2594 quidquid
916 2514 955 2574 ibi
973 2512 1092 2592 gallina·

89 2616 152 2661 rum
171 2608 233 2660 erat
251 2600 372 2670 iuteriit;
388 2617 424 2659 ao
446 2599 567 2660 subinde
584 2607 660 2665 taeta
675 2598 712 2658 de
732 2598 816 2658 oaelo
837 2597 993 2659 Caesarum
1011 2596 1092 2675 aede,

93 2685 189 2763 oapita
209 2685 341 2745 omnibus
359 2683 443 2746 simul
460 2685 561 2744 statuis
580 2683 765 2760 deoideruut,
783 2683 908 2760 Augusti
928 2685 1012 2744 etimu
1029 2699 1092 2742 soe-

93 2777 187 2848 ptrmu
200 2787 216 2828 e
230 2769 361 2829 munibus
380 2786 533 2829 excussum
549 2777 603 2829 est.

56 2878 82 2918 ιο
155 2853 266 2913 Neroni
279 2851 371 2917 Galba
382 2855 525 2914 successit
540 2853 619 2913 nullo
637 2852 730 2930 gradu
749 2853 921 2931 contingens
937 2850 1122 2912 caesui-ami

92 2936 217 3013 domum,
231 2936 284 2997 sed
295 2936 371 2997 haud
384 2936 469 2998 dubie
479 2937 676 2997 nobilissimus
688 2954 851 3015 magnaque
864 2944 893 2997 et
908 2944 1010 2996 vetere
1026 2952 1093 3014 pro·

91 3022 183 3101 sapia,
195 3031 225 3081 ut
239 3022 286 3100 qui
298 3030 454 3082 statuarum
469 3020 558 3081 titulis
570 3030 764 3100 pronepotem
774 3039 807 3080 se
822 3020 917 3096 Quinti
931 3018 1025 3080 Catuli
1040 3016 1093 3079 Ga·

90 3107 204 3186 pitolini
217 3124 334 3185 semper
351 3106 538 3184 ascripserit,
559 3107 719 3184 imperator
737 3122 808 3166 vero
826 3107 910 3166 etiam
926 3112 1046 3164 stemma
1065 3103 1093 3162 in

91 3191 165 3251 atrio
179 3192 379 3269 proposuerit,
392 3207 449 3270 quo
458 3198 607 3267 paternam
619 3190 762 3268 originem
773 3187 1094 3267 adlovem,mutemam

52 3294 80 3337 ss
90 3274 126 3335 ad
139 3275 310 3354 Pasiphaam
325 3275 430 3337 Minois
447 3291 569 3334 uxorem
579 3274 714 3335 reierret.

155 3358 300 3438 imagines
313 3368 342 3420 et
354 3360 452 3438 elogia
465 3359 592 3419 universi
604 3360 725 3438 generis
739 3360 846 3439 exequi
854 3359 972 3436 longum
985 3365 1039 3433 est,
1051 3354 1124 3421 fud
