2286 3862
406 188 510 239 DIVUS
528 190 712 240 CLAUDIUS·
1001 185 1060 244 155

60 354 148 405 tatem
164 346 304 424 integram
327 354 494 424 ostentans,
517 356 628 407 mutare
647 347 772 408 habitum
792 350 909 428 saepius
931 360 960 410 et
975 359 1062 429 prout

60 439 245 490 accusaretur
259 429 520 509 defendereturve,
536 431 627 491 iussit.
649 431 694 492 De
706 430 830 511 quodam
842 434 927 492 etiam
941 435 1060 511 negotio

60 517 100 575 ita
117 533 154 575 ex
169 514 276 576 tabella
297 515 499 595 pronuntiasse
516 515 657 597 creditur,
678 514 846 577 secondum
863 534 917 578 eos
937 535 971 577 se
991 535 1058 578 sen·

60 599 132 676 tire,
149 600 292 679 quivero
304 598 550 677 proposuissent.
570 599 695 680 Propter
707 618 781 680 quae
796 619 887 681 nsque
899 618 935 660 eo
951 601 1059 677 eviluit,

36 692 90 743 cut
117 685 223 762 passim
249 701 284 743 ac
304 682 454 762 propalam
473 686 649 763 contemptui
663 694 750 745 esset.
777 683 930 746 Excusans
947 684 1061 764 quidam

58 777 164 828 testem
178 785 195 826 e
210 767 361 846 provincia
372 767 408 826 ab
420 785 457 827 eo
469 775 605 827 vocatum
615 770 733 845 negavit
748 778 864 848 praesto
879 787 945 830 esse
958 786 1061 848 posse,

59 851 235 911 dissimulata
251 851 297 911 diu
314 869 414 921 causa;
432 869 468 912 ac
483 860 551 931 post
567 850 671 930 longas
688 851 799 912 demum
814 855 1062 932 interrogationes

59 934 202 995 Mortuus
217 941 277 1011 eat,
293 937 399 1015 inquit:
412 942 505 1014 puto,
522 935 618 996 licuit.
640 936 723 996 Alius
737 938 846 1014 gratias
859 955 966 1015 agens,
983 935 1062 1016 qaod

58 1038 139 1078 reum
155 1018 271 1078 delendi
288 1028 451 1099 pateretur,
467 1020 588 1080 adiecit:
610 1018 853 1099 caramentes·
870 1021 958 1082 solet.
987 1020 1062 1080 lllad

21 1119 47 1158 ιο
58 1121 174 1183 quoque
189 1122 205 1163 a
221 1103 379 1164 maioribus
392 1113 460 1164 natu
474 1103 642 1182 audiebam,
660 1104 734 1165 adeo
750 1104 912 1166 causidicos
924 1105 1062 1184 patientia

57 1191 120 1247 eius
141 1187 244 1247 solitos
270 1187 363 1265 abuti,
390 1198 421 1248 ut
445 1188 671 1248 descendentem
692 1208 709 1249 e
733 1189 866 1250 tribunali
887 1206 945 1249 non
968 1188 1062 1248 solum

57 1290 132 1331 voce
147 1281 337 1347 revocarent,
354 1272 407 1331 sed
421 1282 450 1331 et
464 1273 568 1333 lacinia
583 1282 672 1350 togae
685 1282 813 1350 retenta,
830 1273 971 1334 interdum
984 1272 1061 1352 pede

59 1354 424 1432 apprehensodetinerent.
438 1357 526 1415 dene
535 1355 810 1432 cuibaecmirasint,
825 1358 963 1433 litigatori
971 1357 1059 1418 Gras-

60 1438 127 1497 culo
142 1455 200 1496 vox
208 1439 237 1496 in
244 1437 435 1497 altercatione
449 1438 570 1497 excidit:
589 1433 656 1498 Kal
667 1429 710 1498 σύ
721 1436 831 1519 γέρων
844 1433 933 1500 εἶκαὶ
939 1432 1060 1519 pompos.

19 1543 46 1583 15
57 1523 192 1601 Equitem
207 1521 322 1600 quidem
337 1521 496 1581 Romanum
511 1521 701 1581 obscenitatis
717 1523 745 1580 in
761 1523 882 1583 feminas
896 1541 994 1598 reum,
1010 1521 1063 1581 sed

56 1607 133 1667 salso
152 1614 182 1664 et
196 1605 232 1664 ab
251 1605 457 1684 impotentibus
472 1607 594 1665 inimicis
611 1607 736 1666 conficto
753 1608 886 1684 erimine,
910 1608 980 1666 satis
995 1622 1061 1665 con·

57 1701 126 1767 stat,
150 1706 213 1748 oum
234 1693 333 1750 scorta
354 1690 502 1750 meritoria
524 1690 605 1750 citari
626 1689 766 1749 adversus
788 1709 821 1750 se
842 1700 872 1750 ot
894 1689 986 1751 audiri
1008 1707 1061 1768 pro

57 1776 221 1835 testimonio
234 1773 357 1850 videret,
372 1774 523 1852 graphium
536 1783 565 1833 et
575 1773 702 1852 libellos,
716 1792 789 1853 quos
799 1775 917 1835 tenebat
929 1775 957 1833 in
968 1791 1061 1851 manu,

57 1861 96 1919 ita
112 1876 174 1919 cum
189 1875 293 1936 magna
311 1858 448 1917 stultitiae
464 1866 493 1917 et
510 1859 649 1919 saevitiae
666 1859 894 1937 exprobratione
910 1859 1018 1918 iecisse
1033 1859 1062 1916 in

19 1944 163 2003 abaciam
180 1944 257 2017 eins,
277 1951 306 2001 ut
321 1960 425 2019 genam
441 1960 498 2002 non
515 1942 619 2002 leviter
636 1944 846 2023 perstrinxerit.

122 2025 254 2085 Gessitet
265 2044 430 2102 censuram,
443 2027 633 2087 intermissam
643 2026 689 2086 diu
703 2036 769 2105 post
781 2028 917 2089 Plancum
928 2026 1059 2088 Paulum·
1071 2032 1104 2088 16

60 2128 116 2189 que
138 2127 291 2180 censores;
319 2110 372 2169 sed
392 2110 466 2170 banc
488 2125 605 2187 quoque
632 2111 851 2189 inaequabiliter
871 2113 1011 2189 varioque
1033 2119 1062 2170 et

59 2195 152 2254 animo
168 2203 197 2253 et
211 2203 327 2253 eventu.
360 2194 576 2269 Recognitione
593 2194 717 2270 equitum
735 2197 868 2254 iuvenem
882 2194 983 2273 probri
999 2194 1060 2272 ple-

58 2296 140 2354 num,
168 2277 220 2337 sed
246 2295 331 2356 quem
353 2284 437 2355 pater
458 2275 690 2354 probatissimum
714 2276 769 2336 sibi
792 2277 969 2352 affirmabat,
999 2277 1061 2335 sine

17 2383 47 2422 aa
57 2361 215 2440 ignominia
226 2361 346 2437 dimisit,
361 2358 477 2420 babere
487 2359 587 2419 dicens
603 2377 761 2421 censorem
771 2377 880 2432 suum
897 2360 982 2420 alium
998 2376 1061 2418 cor-

57 2446 179 2523 ruptelis
203 2445 409 2522 adulteriisque
435 2445 575 2504 famosum
595 2444 664 2502 nibil
688 2445 809 2523 amplius
833 2462 916 2524 quam
943 2443 1061 2518 monuit,

57 2538 92 2591 ot
107 2535 163 2589 cot
173 2529 307 2607 porcius
322 2529 480 2590 oetotaslae
496 2528 669 2608 indulgeret
684 2536 739 2589 oct
752 2534 834 2590 certe
848 2528 970 2590 cautius
977 2551 992 2596 ,·
1013 2525 1060 2586 ad-

57 2614 202 2691 diditque:
227 2610 425 2686 operaenim
442 2632 498 2692 eqo
512 2613 593 2688 scio,
611 2631 703 2692 quum
719 2615 850 2675 amicam
864 2612 1006 2673 babeas?
1025 2609 1062 2670 Et

59 2717 139 2774 curn,
167 2699 314 2758 orantibus
336 2698 539 2774 familiaribus,
568 2697 742 2777 dempsisset
768 2698 879 2758 cuidam
900 2697 1061 2777 appositam

20 2800 48 2841 ao
58 2793 170 2859 notam,
184 2779 296 2842 Litora
306 2790 422 2858 tameo,
437 2783 541 2860 inquit,
557 2785 658 2842 extet!
671 2781 858 2860 Splendidum
870 2782 959 2840 virum
974 2779 1061 2840 Grae·

61 2868 181 2945 oiaeque
201 2868 370 2945 provinciae
391 2867 568 2943 principem,
593 2884 694 2925 verum
716 2867 807 2926 Latini
823 2866 964 2926 sermonis
981 2865 1060 2942 igna-

58 2969 136 3026 rum,
159 2968 216 3010 non
238 2950 325 3010 modo
347 2950 415 3010 albo
439 2949 563 3008 iudicum
585 2951 686 3026 erasit,
712 2949 807 3009 sedin
826 2949 1062 3029 peregrinitatem

58 3035 183 3113 redegit.
202 3034 266 3093 Nec
283 3051 453 3113 quemquam
468 3035 521 3091 nisi
537 3051 588 3093 sua
602 3051 687 3110 voce,
702 3041 855 3113 utcumque
870 3035 933 3112 quis
949 3038 1062 3112 posset,

58 3136 94 3179 ac
109 3121 170 3177 sine
187 3128 310 3196 patrono
330 3120 471 3177 rationem
493 3118 568 3176 vitae
585 3135 688 3195 passus
712 3127 756 3178 est
777 3117 911 3178 reddere.
933 3116 1062 3178 Notavit·

22 3222 49 3262 ss
60 3221 116 3281 que
132 3202 253 3278 multos,
270 3211 299 3262 et
315 3200 453 3282 quosdam
467 3201 640 3280 inopinantis
655 3210 686 3262 et
701 3221 738 3262 ex
751 3220 837 3263 causa
850 3204 919 3261 novi
932 3202 1061 3280 generis,

60 3285 137 3365 quod
153 3304 186 3345 se
202 3286 294 3345 inscio
310 3304 345 3346 ac
363 3288 425 3345 sine
448 3295 608 3345 commeatu
631 3286 713 3347 ltalia
733 3287 945 3356 excessissent;
975 3303 1062 3366 quen·

59 3370 123 3430 dam
139 3389 211 3432 vero
228 3378 258 3430 et
274 3369 351 3449 quod
366 3386 465 3430 comes
480 3372 560 3446 regis
575 3371 603 3430 in
620 3373 770 3451 provincia
784 3371 904 3447 fuisset,
919 3369 1063 3444 referens,

58 3455 198 3516 maiorum
214 3454 392 3533 temporibus
411 3453 531 3514 Rabirio
547 3455 702 3534 Postumo,
726 3456 922 3517 Ptolemaeum
936 3454 1064 3515 Alexan·
