2334 3870
501 177 672 226 musanus.
1029 166 1088 230 107

92 338 132 397 uti
155 333 285 413 solebat,
309 333 373 412 regi
389 332 544 393 videretur.
575 333 651 394 Tulit
668 333 754 392 etiam
769 333 939 411 perindigne
954 343 1047 394 actum
1062 335 1092 394 in

95 428 209 498 senatu,
230 428 261 480 ut
280 418 370 479 titulis
394 419 454 476 suis
475 418 555 496 quasi
570 418 712 495 Augusti,
734 418 773 477 ita
795 425 824 476 et
838 416 964 477 Liviae
985 418 1091 478 filius

94 505 265 567 adiceretur.
295 503 392 577 Quare
411 519 469 561 non
493 511 682 581 parentem
698 502 841 580 patriae
859 501 1017 579 appellari,
1033 519 1093 562 uon

92 590 178 649 ullum
197 588 340 664 insignem
357 586 497 646 honorem
513 586 647 664 recipere
665 585 782 668 publice
797 603 903 664 passus
921 593 979 654 est;
995 584 1047 644 sed
1064 593 1094 644 et

68 674 262 751 sfrequenter
285 671 444 747 admonuit,
464 669 620 729 maioribus
642 689 696 730 nec
711 671 835 730 feminae
854 668 1092 731 convenientibus

91 757 221 833 negotiis
236 754 412 831 abstineret,
430 755 590 833 praecipue
603 761 634 811 ut
645 754 849 832 animadvertit,
864 753 1001 814 incendio
1016 754 1095 812 iuxta

93 840 196 900 aedem
214 840 323 899 Vestae
344 848 373 899 et
395 840 489 917 ipsam
509 838 700 897 interuenisse
722 838 914 919 populumque
932 848 961 899 et
975 837 1093 913 milites,

95 941 151 1003 quo
167 923 279 982 enixius
295 941 380 1001 opem
396 924 518 1000 ferrent,
534 921 722 999 adhortatam,
738 923 812 980 sicut
824 923 875 981 sub
889 925 990 984 marito
1008 921 1095 983 solita

93 1017 181 1067 esset.
209 1006 323 1066 Dehinc
338 1008 374 1067 ad
392 1008 563 1067 simultatem
578 1026 669 1086 usque
687 1007 837 1086 processit
852 1007 922 1084 hac,
941 1015 972 1065 ut
989 1006 1093 1083 ferunt,
1101 1007 1138 1068 61

55 1093 126 1158 rode
149 1110 245 1153 causa.
274 1091 393 1153 Instanti
414 1093 548 1171 saepius,
572 1100 604 1151 ut
626 1093 742 1151 civitate
765 1090 901 1152 donatum
916 1092 945 1151 in
962 1090 1095 1152 decurias

90 1176 256 1255 adlegeret,
278 1178 397 1255 negavit
417 1177 473 1237 alia
496 1195 527 1236 se
553 1176 719 1237 conditione
742 1175 935 1254 adiecturum,
963 1194 1048 1256 quam
1071 1176 1095 1235 si

90 1269 238 1341 pateretur
260 1261 365 1320 ascribi
386 1260 470 1337 albo,
496 1268 648 1322 extortum
669 1262 703 1320 id
721 1260 784 1321 sibi
804 1279 825 1322 u
848 1269 956 1324 matre.
989 1260 1030 1321 At
1044 1261 1095 1322 illa

92 1353 236 1405 commota
257 1352 374 1402 veteres
397 1343 536 1419 quosdam
552 1344 635 1403 adse
651 1344 775 1420 Augusti
792 1346 943 1407 codicillos
960 1345 995 1405 de
1013 1364 1093 1406 acer-

92 1429 183 1487 bitate
208 1435 238 1485 et
259 1425 443 1484 intolerantia
466 1442 576 1482 morum
599 1428 660 1482 eius
683 1444 699 1482 e
721 1429 847 1485 sacrario
870 1430 991 1506 protulit
1010 1438 1095 1503 atque

59 1526 85 1566 re
95 1510 239 1588 recitavit.
263 1507 325 1567 Hos
343 1516 372 1567 et
393 1507 553 1567 custoditos
575 1514 632 1565 tam
653 1507 702 1565 diu
721 1517 749 1565 et
769 1509 964 1584 exprobratos
981 1519 1037 1567 tam
1055 1509 1095 1566 in·

94 1596 171 1654 feste
201 1592 275 1654 adeo
302 1592 432 1670 graviter
460 1591 540 1666 tulit,
566 1599 596 1649 ut
621 1589 733 1668 quidam
755 1598 871 1668 putent,
898 1593 972 1650 inter
995 1609 1096 1650 causas

94 1695 232 1738 secessus
248 1676 323 1736 banc
339 1678 366 1735 ei
384 1676 432 1735 vel
446 1675 630 1754 praecipuam
646 1675 746 1734 fuisse.
783 1673 857 1734 Toto
876 1674 991 1754 quidem
1010 1677 1096 1734 trien-

93 1763 159 1838 nio,
189 1779 245 1842 quo
269 1762 386 1821 vivente
408 1769 499 1820 matre
520 1760 603 1836 afuit,
631 1759 722 1819 semel
744 1759 859 1819 omnino
882 1777 945 1818 eam
962 1777 1018 1818 nec
1040 1775 1096 1818 am-

93 1846 169 1925 plius
187 1864 271 1925 quam
293 1863 350 1904 uno
373 1844 420 1904 die
441 1846 622 1922 paucissimis
645 1844 715 1904 vidit
736 1844 834 1912 horis;
858 1862 891 1903 ac
913 1860 981 1903 mox
1002 1860 1096 1920 neque

56 1952 84 1992 ao
95 1948 202 2007 aegrae
230 1928 334 1989 adesse
359 1930 469 1989 curavit
488 1929 709 2007 defunctamque
733 1938 778 2004 et,
803 1927 867 1987 dum
890 1927 1030 1988 adventus
1052 1927 1096 1985 sui

94 2032 177 2093 spem
206 2013 292 2088 facit,
323 2013 510 2092 complurium
539 2013 647 2072 dierum
668 2029 751 2072 mora
773 2022 909 2091 corrupto
932 2013 1044 2072 demum
1067 2018 1097 2070 et

94 2097 193 2158 tabido
226 2113 352 2175 corpore
381 2097 540 2156 funeratam
568 2097 715 2174 probibuit
741 2099 925 2173 consecrari,
962 2099 1042 2177 quasi
1067 2094 1097 2154 id

94 2183 158 2261 ipsa
170 2179 345 2240 mandasset.
371 2179 582 2240 Testamentum
600 2198 716 2259 quoque
735 2183 797 2239 cius
816 2198 870 2258 pro
889 2181 969 2240 irrito
987 2180 1095 2256 habuit,

95 2267 244 2343 omnisque
262 2265 401 2324 amicitias
425 2271 454 2322 et
475 2263 696 2340 familiaritates,
715 2266 799 2324 etiam
817 2264 920 2342 quibus
935 2281 970 2323 ea
988 2263 1096 2321 funeris

56 2373 85 2412 aa
95 2351 138 2409 sui
152 2366 248 2408 curam
263 2349 389 2409 moriens
401 2347 633 2424 demandaverat,
648 2350 722 2408 intra
742 2348 832 2408 breve
852 2358 965 2427 tempus
985 2346 1097 2421 afflixit,

96 2451 152 2493 uno
170 2452 208 2492 ex
226 2434 271 2509 iis,
290 2434 434 2511 equestris
455 2431 561 2491 ordinis
577 2433 651 2510 viru,
671 2434 745 2491 etin
765 2433 879 2493 antliam
895 2431 1096 2492 condemnato.

158 2516 296 2577 Filiorum
316 2535 410 2596 neque
425 2516 583 2576 naturalem
595 2515 719 2576 Drusum
733 2535 829 2594 neque
845 2517 1010 2595 adoptivum
1027 2514 1096 2575 Ger·
1104 2527 1140 2582 52

94 2602 235 2662 manicum
256 2602 348 2679 patria
371 2602 491 2661 caritate
505 2600 615 2678 dilexit,
633 2601 750 2661 alterius
766 2603 842 2660 vitiis
863 2600 1001 2660 infensus.
1023 2599 1096 2659 Nam

94 2687 204 2747 Drusus
219 2685 349 2746 fluxioris
370 2685 604 2763 remissiorisque
625 2687 700 2746 vitae
715 2693 786 2745 erat.
820 2684 920 2763 Itaque
933 2704 969 2744 ne
982 2692 1095 2745 mortuo

58 2785 86 2826 ao
98 2769 211 2850 quidem
233 2770 354 2848 perinde
369 2770 501 2831 adfectus
517 2779 572 2847 est,
589 2769 641 2829 sed
658 2779 764 2829 tantum
779 2787 838 2828 non
852 2771 946 2828 statim
962 2787 979 2828 a
995 2769 1096 2828 funere

96 2854 132 2916 ad
159 2856 344 2932 negotiorum
372 2852 608 2914 consuetudinem
636 2854 737 2929 rediit,
767 2854 874 2913 iustitio
897 2853 1033 2930 longiore
1055 2854 1096 2911 in-

95 2938 197 3000 bibito.
231 2938 305 3012 Quin
329 2946 358 2996 et
377 2937 523 2998 Iliensium
539 2938 644 3016 legatis
658 2938 746 3018 paulo
761 2940 854 2997 serius
870 2934 1097 3011 consolantibus,

96 3024 178 3103 quasi
205 3021 358 3082 obliterata
383 3024 438 3082 iam
466 3021 576 3082 doloris
597 3023 750 3099 memoria,
779 3021 901 3082 irridens
923 3040 958 3081 sc
979 3036 1099 3099 quoque

95 3105 247 3186 respondit
263 3106 359 3167 vicem
379 3124 484 3167 eorum
501 3105 621 3183 dolere,
644 3106 727 3186 quod
743 3107 897 3187 egregium
919 3106 1014 3167 civem
1035 3100 1096 3164 He·

60 3198 213 3252 actorem
232 3189 417 3250 omisissent.
451 3190 621 3251 Germanico
642 3209 734 3269 usque
757 3191 830 3251 adeo
854 3189 1042 3264 obtrectavit,
1065 3195 1098 3247 ut

96 3283 126 3336 et
152 3274 304 3353 praeclara
329 3275 406 3336 facta
429 3276 490 3335 eius
510 3293 564 3353 pro
588 3276 775 3353 supervacuis
796 3275 918 3336 eleuarit
939 3283 967 3333 et
988 3273 1097 3349 glorio·

96 3359 227 3420 sissimas
256 3361 396 3419 victorias
420 3376 473 3419 ceu
503 3359 654 3419 damnosas
680 3361 724 3419 rei
746 3379 775 3439 p.
797 3362 972 3438 increparet.
1013 3353 1096 3432 Quod

97 3460 170 3502 vero
193 3441 405 3504 Alexandream
425 3452 547 3524 propter
567 3445 731 3504 immensam
752 3453 780 3503 et
799 3444 979 3522 repentinam
992 3443 1092 3502 famem
