2334 3870
246 157 523 206 nuruumuouurs
543 155 725 204 dissonum
744 154 944 215 conracius.
1032 141 1094 215 313

96 313 319 393 hypocorisma,
351 313 431 391 quasi
454 312 626 380 sacrarium3
649 309 745 371 lanum
767 309 866 370 Fauno
893 311 958 388 regi
989 307 1095 371 dictum

98 398 145 458 rel
166 415 182 457 a
197 397 302 474 lando,
324 404 354 454 ut
367 394 409 454 illi
424 396 472 474 qui
486 395 579 455 lutura
593 394 725 454 videntur
743 412 849 454 canere
864 394 982 454 fanatici
996 394 1095 455 dicun-

96 492 156 551 tur;
172 481 286 556 adytum
301 479 401 558 templi
418 480 540 540 interior
557 479 648 556 lucus,
664 496 722 556 quo
737 479 808 538 nulli
822 478 868 538 fas
884 478 936 537 fuit
952 476 1096 540 accedere

96 568 149 625 nisi
164 565 320 626 sacerdoti.

70 668 83 707 s
156 649 268 710 Arbitri
290 667 326 707 an
346 647 467 726 arbitrii]
485 666 548 707 eum
570 647 607 708 de
628 646 736 709 arbitro
758 646 915 725 loquimur,
937 643 1036 706 arbitri
1056 645 1095 706 di·

95 736 184 794 cimus
201 750 270 809 geu.
287 749 373 810 casu,
392 749 455 791 oum
469 732 506 791 de
519 732 639 797 arbitrio
654 730 772 791 arbitrii.

156 817 329 896 Pomerium]
345 816 441 876 Locus
463 816 538 895 apud
556 818 688 894 antiquos
710 816 816 873 circum
830 833 928 875 muros
950 813 1096 891 relinque·

94 900 189 976 batur,
207 917 266 961 nou
279 902 409 976 interius,
423 919 460 959 ne
474 902 646 978 iungeretur
662 897 818 977 aedificiis3
835 899 887 958 sed
903 908 934 958 ut
948 907 1028 958 esset
1043 897 1095 958 ali·

94 984 163 1063 quid
178 984 263 1045 vacui
279 984 315 1045 ad
328 985 511 1045 instruendas
523 987 614 1061 acies,
626 991 708 1044 extra
720 999 818 1041 muros
831 982 938 1061 aliquid
952 981 1096 1060 relinque·

57 1085 83 1126 ro
93 1067 186 1128 batur.
216 1067 298 1128 lluno
315 1068 411 1129 locum
426 1068 613 1147 appellabant
625 1068 784 1148 pomerium
795 1066 885 1127 veluti
898 1067 1096 1145 postmerium,

93 1170 129 1211 εο
145 1152 223 1232 quod
240 1161 319 1213 esset
334 1161 404 1232 post
416 1171 535 1214 murum.

155 1248 250 1308 Garrit
273 1251 402 1326 loquitur
428 1259 457 1308 et
478 1251 560 1328 dicit]
578 1253 689 1327 garrire
706 1249 766 1309 vitii
784 1257 843 1326 est,
862 1247 943 1328 loqui
964 1255 1095 1325 naturae,

95 1329 195 1390 dicere
209 1331 258 1390 vel
275 1330 429 1390 facundiae
448 1340 493 1390 est
509 1333 558 1391 vel
573 1334 725 1392 iudicantis
741 1341 788 1390 aut
805 1333 989 1391 criminantis.

155 1426 235 1486 Inter
251 1433 459 1504 praegnantem
474 1433 503 1484 et
526 1428 690 1503 gravidam,
706 1428 860 1485 incientem
877 1435 907 1485 et
924 1428 1013 1486 letam
1028 1426 1097 1503 quid

58 1530 84 1572 ru
95 1520 141 1574 est
154 1510 240 1588 iuter]
258 1526 425 1588 praegnans
443 1524 593 1566 commune
608 1509 769 1569 animalium
785 1517 845 1586 est,
871 1508 991 1584 gravida
1005 1507 1096 1568 homi·

95 1614 175 1673 num,
193 1595 305 1653 inciens
322 1594 350 1651 in
373 1601 471 1671 partu,
486 1592 546 1652 leta
566 1601 635 1670 post
650 1600 770 1670 partum.

155 1696 234 1756 Inter
254 1694 344 1754 laniat
365 1693 477 1753 lacerat
499 1693 623 1753 lancinat
643 1701 672 1752 et
695 1690 810 1771 scindit]
825 1691 935 1753 lacerat
956 1691 1094 1772 membra,

93 1780 168 1840 unde
188 1779 272 1839 etiam
288 1779 425 1838 lacernae
442 1787 556 1856 vestes,
574 1778 653 1857 quod
668 1785 733 1837 suut
750 1783 878 1835 extrema
894 1779 937 1835 sui
957 1785 1039 1854 parte
1054 1778 1095 1837 la·

94 1872 226 1933 ceratae;
246 1864 335 1922 laniat
350 1865 398 1941 qui
418 1863 546 1924 membru
567 1864 596 1922 in
621 1863 755 1942 proprias
776 1859 875 1920 dividit
889 1869 1006 1940 partes,
1029 1860 1096 1921 inde

57 1968 84 2007 ao
94 1946 186 2005 lanius
202 1945 322 2021 dicitur,
339 1949 424 2006 etiam
440 1946 527 2007 laniat
543 1949 677 2024 capillos.
712 1946 831 2021 Quidam
850 1953 1022 2025 putaverunt
1035 1944 1095 2006 lan·

95 2030 151 2089 oiat
165 2037 288 2104 vestem,
302 2031 383 2107 quasi
398 2029 599 2109 laniciatquod
610 2032 645 2092 ab
658 2032 768 2091 laniciis
777 2029 901 2099 dicatur;
917 2030 965 2090 ulii
980 2029 1096 2092 luniciat

94 2112 190 2192 quoad
206 2113 386 2190 lanuginem,
405 2113 482 2190 quod
498 2132 536 2173 en
550 2114 616 2174 lana
631 2117 669 2175 sit
684 2114 858 2190 confectum.

156 2195 235 2257 Inter
252 2196 434 2276 amplectitur
455 2206 484 2257 et
506 2198 698 2278 amplexatur]
716 2199 897 2276 amplectitur
917 2198 1018 2276 semel,
1039 2216 1095 2258 am·

93 2281 227 2360 plexatur
243 2283 371 2361 saepius.

56 2400 84 2440 aa
156 2379 220 2440 Neo
236 2382 314 2442 licite
330 2381 447 2441 latinum
469 2391 586 2443 estnec
607 2381 729 2450 licitate;
753 2381 823 2442 nihil
844 2391 889 2442 est
906 2383 1004 2457 licito,
1029 2382 1096 2461 quia

93 2465 209 2524 omnino
225 2482 283 2523 non
298 2465 409 2525 dicitur.
454 2464 551 2526 Debet
573 2483 646 2544 ergo
663 2466 720 2526 diei
737 2467 865 2546 [inllioiti
881 2474 911 2527 et
926 2464 1095 2546 pollicitati,

93 2546 173 2626 [quia
195 2557 241 2608 est
261 2557 290 2608 et
310 2549 446 2629 inlicere,
469 2550 630 2611 insidiando
652 2551 681 2609 in
700 2550 729 2610 ld
746 2552 823 2631 quud
837 2551 912 2610 velis
935 2549 1094 2630 deducere]

92 2648 165 2708 ergo
183 2632 311 2711 {iniliciti
331 2653 426 2695 sumus
443 2635 550 2711 semel,
567 2635 722 2715 [inllicitati
735 2637 863 2715 saepius.
908 2634 1029 2710 Quidam
1043 2653 1095 2718 pu·

92 2724 225 2776 taverunt
241 2716 299 2778 boo
314 2717 370 2779 dici
392 2719 552 2780 licitatores
573 2729 721 2799 emptores
736 2721 836 2797 lictus,
861 2719 889 2780 id
913 2728 958 2779 εει
975 2721 1022 2799 qui
1036 2737 1095 2780 nou

54 2809 191 2941 sopssent
214 2805 353 2880 empturi,
376 2804 429 2864 sed
452 2803 573 2865 adiectis
594 2805 696 2883 pretiis
720 2823 774 2885 per
796 2804 926 2864 fraudem
947 2812 1095 2882 emptores

112 2893 272 2961 ecrpereut.

153 2980 232 3040 Inter
249 2983 389 3061 praelium
411 2985 520 3046 bellum
541 3004 667 3066 pugnam
689 2994 718 3045 et
737 2986 841 3066 rixam]
868 2986 1009 3065 praelium
1036 2994 1094 3046 tur·

90 3082 155 3124 mae
170 3073 199 3124 et
214 3069 377 3146 exercitus,
398 3068 504 3129 dictum
519 3088 536 3130 a
551 3069 635 3149 prole
650 3072 796 3139 iuvenum:
816 3072 923 3151 (quare
940 3088 1014 3149 ergo
1031 3069 1095 3148 gla-

90 3147 218 3209 diatores
243 3149 362 3212 dicimus
383 3153 459 3213 bene
475 3151 657 3233 praeliatus?
680 3155 746 3234 quia
767 3155 852 3215 etiam
873 3157 979 3215 noxiae
996 3153 1094 3215 virtuti

51 3231 242 3292 usbonestius
263 3252 368 3296 nomen
391 3237 570 3316 inponimus)
591 3237 699 3299 bellum
720 3258 774 3319 per
797 3239 944 3299 antifrasio
960 3239 1076 3300 dicimus

90 3315 168 3394 quod
182 3318 297 3378 minime
314 3322 351 3380 sit
371 3321 472 3382 bellun
516 3332 526 3350 ⁸
543 3322 630 3384 multa
645 3321 751 3385 habeat
767 3324 893 3403 praelia;
914 3342 1013 3403 pugna
1030 3341 1080 3366 ἐ·

87 3407 245 3460 tamenim
267 3407 362 3464 intr„
399 3425 508 3462 sunm-m
565 3409 610 3468 inq
629 3407 762 3467 brrmilius
778 3417 807 3466 et
822 3407 964 3462 seditionis
992 3427 1032 3458 ορ.
