2286 3862
402 213 506 264 muns
529 215 721 264 aueusrus.
1029 206 1069 268 65

65 369 268 444 convaluerat,
295 376 416 428 statuam
439 387 508 431 acre
531 371 647 431 conlato
670 373 750 432 iuxta
773 373 887 449 signum
909 371 1070 452 Aesculapi

65 461 232 517 statuerunt.
261 450 400 511 Nonnulli
417 461 528 531 patrum
543 454 712 517 familiarum
728 464 902 517 testamento
918 464 1066 534 caverunt,

65 549 94 600 ut
116 539 151 599 ab
172 535 329 598 heredibus
353 536 413 594 suis
435 538 565 615 praelato
586 538 668 598 titulo
689 541 824 600 victimae
844 543 872 600 in
896 538 1068 619 Capitolium

64 625 238 684 ducerentur
259 629 415 697 votumque
436 623 490 699 pro
515 641 546 682 se
569 622 750 701 solveretur,
783 624 860 703 quod
882 625 1068 704 superstitem

38 709 226 785 chugustum
243 704 439 783 reliquissent.
472 705 619 780 Quaedam
634 706 734 769 ltaliae
753 710 885 769 civitates
901 709 994 786 diem,
1011 726 1067 788 qno

64 796 185 872 primum
206 788 241 850 ad
261 807 293 848 se
308 791 453 866 venisset,
477 790 585 849 initium
601 793 667 850 anni
682 792 823 853 lecerunt.
851 794 1068 855 ProvInciarum

65 877 225 955 pleraeque
246 892 335 951 super
357 874 466 952 temple
483 884 512 934 et
528 893 591 935 aras
608 874 692 934 ludos
708 893 823 955 quoque
838 878 1067 959 quinquennales

64 977 158 1039 paene
179 957 336 1036 oppidatim
359 960 576 1018 constituerunt.
615 960 716 1037 Reges
737 962 820 1021 amici
840 970 926 1040 etque
946 963 1019 1023 socii
1039 962 1114 1021 etto

64 1042 170 1120 singuli
184 1044 211 1100 in
227 1059 280 1101 suo
300 1042 422 1120 quisque
435 1061 530 1120 regno
549 1041 710 1104 Caesareas
729 1043 816 1105 urbes
835 1045 1026 1105 condiderunt
1040 1055 1069 1104 et

25 1146 52 1196 ro
65 1128 159 1188 cuncti
174 1126 257 1187 sirnul
273 1125 374 1185 aedem
390 1126 469 1186 lovis
486 1126 611 1207 Olympii
625 1127 763 1206 Athenis,
781 1131 935 1207 antiquitus
951 1130 1068 1190 inchoa-

63 1223 135 1289 tam,
155 1211 299 1292 perlicere
323 1213 462 1271 communi
477 1223 590 1292 sumptu
608 1212 825 1275 destinaverunt
841 1213 991 1293 Genioque
1007 1214 1068 1273 eius

64 1299 214 1365 dedicare;
238 1314 273 1357 ac
296 1314 386 1374 saepe
406 1298 505 1372 regnis
522 1298 648 1374 relictis,
670 1315 728 1357 non
742 1298 853 1359 Romae
868 1299 954 1359 modo
971 1297 1023 1358 sed
1039 1307 1069 1358 et

65 1380 231 1461 provincias
252 1380 419 1456 peragranti
442 1380 584 1440 cotidiana
608 1382 705 1441 officia
726 1384 819 1458 togati
839 1401 874 1442 ac
896 1385 959 1442 sine
980 1383 1067 1458 regio

65 1465 189 1541 insigni,
203 1479 284 1521 more
301 1461 445 1521 clientium
460 1464 676 1541 praestiterunt.

29 1574 55 1614 15
133 1548 289 1624 Quoniam,
311 1546 403 1625 qualis
423 1547 452 1605 in
466 1549 586 1626 imperis
602 1565 636 1607 ac
651 1547 866 1625 magistratibus
882 1547 1069 1628 regendaque
1078 1549 1113 1603 bl

65 1654 119 1714 per
133 1643 272 1693 terrarum
288 1631 388 1690 orbem
404 1649 479 1710 pace
494 1631 631 1711 belloque
646 1652 678 1693 re
694 1653 723 1712 p.
741 1633 842 1709 luerit,
860 1632 999 1711 exposui:
1023 1650 1068 1692 re·

65 1721 156 1779 leram
176 1734 252 1777 nunc
274 1716 441 1776 interiorem
463 1735 498 1778 ac
520 1716 688 1777 familiarem
707 1718 769 1776 eius
785 1718 888 1794 vitam,
908 1716 1069 1796 quibusque

65 1803 192 1862 moribus
218 1810 303 1880 atque
326 1801 439 1860 fortuna
463 1800 538 1862 domi
561 1810 590 1860 et
609 1804 684 1863 inter
707 1819 777 1861 suos
799 1804 893 1878 egerit
916 1820 932 1861 a
953 1802 1069 1861 iuventa

65 1905 156 1966 nsque
175 1885 210 1945 ad
228 1903 392 1964 supremum
410 1887 487 1947 vitae
505 1887 589 1946 diem.
1096 1882 1099 1887 ’

28 1990 54 2032 ro
128 1971 248 2031 hlatrem
274 1971 366 2029 amisit
391 1971 419 2028 in
447 1971 538 2050 primo
568 1971 734 2047 consulatu,
765 1989 897 2031 sororem
921 1969 1069 2031 Octaviam

67 2053 351 2136 quinquagensimum
375 2062 404 2112 et
425 2065 554 2132 quartum
577 2074 669 2132 agens
686 2056 788 2114 aetatis
805 2074 916 2115 annum.
945 2054 1068 2132 Utrique

67 2158 131 2200 cum
156 2138 313 2217 praecipua
336 2138 432 2198 ollicia
460 2140 544 2198 vivae
570 2140 778 2217 praestitisset,
807 2141 892 2199 etiam
914 2139 1068 2198 defunctae

67 2224 194 2284 honores
213 2221 352 2281 maximos
368 2220 473 2282 tribuit.

130 2308 272 2386 Sponsam
291 2305 431 2366 habuerat
453 2306 625 2367 adulescens
645 2308 676 2368 P.
701 2306 807 2367 Servili
827 2307 949 2367 Isaurici
971 2304 1112 2384 liliam,62

29 2419 56 2459 ae
66 2393 119 2455 sed
134 2391 339 2451 reconciliatus
359 2400 426 2470 post
440 2392 558 2470 primam
574 2391 747 2454 discordiam
761 2393 906 2469 Antonio,
930 2399 1068 2471 expostu-

66 2475 191 2538 lantibus
212 2477 360 2555 utriusque
382 2476 519 2536 militibus
535 2485 565 2536 ut
582 2486 611 2536 et
627 2477 841 2538 necessitudine
857 2476 951 2555 aliqua
968 2477 1067 2552 iunge·

66 2570 182 2638 rentur,
200 2560 361 2639 privignam
377 2561 439 2621 eius
456 2560 611 2639 Claudiam,
626 2560 746 2622 Fuluiae
760 2581 797 2622 ex
811 2561 842 2621 P.
857 2559 960 2621 clodio
972 2560 1066 2634 liliam,

67 2647 146 2706 duxit
159 2663 280 2705 uxorem
294 2645 410 2705 vixdum
421 2645 556 2723 nubilem,
574 2665 609 2707 ac
624 2647 767 2706 simultate
784 2662 848 2706 cunr
862 2644 964 2706 Fulvia
981 2661 1068 2704 socru

67 2741 130 2791 orta
151 2730 256 2790 dimisit
270 2729 404 2790 intactam
419 2730 512 2790 adhuc
529 2740 557 2791 et
575 2732 724 2809 virginem.
755 2731 825 2791 Mox
841 2730 1022 2790 Scriboniam
1038 2728 1067 2786 in

31 2834 57 2876 co
67 2815 275 2875 matrimonium
297 2814 428 2894 accepit,
450 2825 566 2894 nuptam
585 2826 651 2876 ante
668 2816 779 2876 duobus
797 2814 1013 2890 consularibus,
1031 2829 1068 2870 ex

68 2899 160 2961 altero
181 2901 264 2959 etiam
280 2908 407 2959 matrem.
437 2898 507 2960 (lum
523 2901 577 2960 hac
595 2917 710 2980 quoque
726 2900 877 2960 divortium
893 2900 977 2975 fecit,
1002 2914 1067 2975 per·

68 2994 183 3058 tessus,
206 2992 236 3043 ut
259 2982 377 3062 scribit,
398 3001 509 3044 morum
525 2987 745 3064 perversitatem
764 2986 840 3061 eius,
865 3002 899 3045 ac
915 2981 1011 3042 statim
1024 2978 1068 3037 Li-

68 3070 142 3128 viam
158 3067 313 3128 Drusillam
335 3070 513 3130 matrimonio
530 3069 629 3130 'liberi
644 3069 770 3130 Neronis
793 3078 823 3129 et
846 3067 961 3146 quidem
985 3079 1068 3142 prae·

67 3161 202 3231 gnantem
224 3153 359 3231 abduxit,
383 3154 540 3233 dilexitque
564 3164 594 3217 et
618 3153 752 3233 probavit
773 3155 857 3215 unice
879 3169 914 3211 ac
929 3164 1068 3228 perseve-

30 3247 173 3302 aeranter.

130 3321 177 3382 Ex
191 3322 344 3384 Scribonia
359 3325 474 3403 Iuliam,
500 3343 537 3383 ex
552 3324 632 3383 Livia
645 3323 714 3383 nihil
730 3322 888 3383 liberorum
903 3317 981 3394 tulit,
1007 3333 1069 3376 cum
1078 3324 1114 3379 63

68 3408 190 3467 manime
209 3417 340 3487 cuperet.
372 3409 486 3484 lulans,
509 3410 556 3487 qui
572 3417 733 3486 conceptus
749 3414 826 3482 erat,
846 3405 1010 3463 immaturus
1026 3409 1071 3461 est

71 3491 171 3551 editus.
200 3490 301 3553 Iuliam
324 3495 444 3573 primum
459 3491 619 3570 hlarcello,
643 3491 781 3552 Octaviae
798 3489 909 3550 sororis
925 3504 995 3548 suae
1011 3484 1070 3546 lilio

120 3595 275 3637 surronrus.
887 3574 905 3634 5
