2334 3870
109 187 168 236 levi
456 181 658 229 PRAEFATIO.

117 345 248 403 nonnulla
271 343 492 416 typographica,
513 340 689 410 intelligitur.
735 340 800 394 Turn
823 357 838 394 e
860 341 1029 402 Florentius

119 429 244 487 editione
259 445 284 482 a.
301 431 378 495 1478,
401 444 472 498 quae
482 434 607 482 veterum
619 423 740 480 omniurn
753 425 838 494 longe
851 424 959 496 optirna
972 433 1028 498 est¹

116 512 287 569 lectionibus
308 511 394 565 ferme
411 509 525 566 CCLXX
543 508 667 581 receptis
683 508 796 562 totidem
816 507 876 562 iere
894 512 1027 568 emende-

117 597 210 652 tiones
225 596 384 650 intulerunt.
430 595 486 650 Sed
501 612 535 649 nc
551 595 687 648 lacertam
702 591 811 662 quidem
827 591 1029 666 neglexerunt,

119 680 232 739 circiter
244 678 319 734 XXV
327 677 409 748 locis,
425 686 454 733 ut
469 684 565 750 p.260‚
585 683 620 735 22
634 679 730 747 reperi
735 696 745 736 ,·
764 692 790 747 p.
806 679 867 744 266,
883 680 900 733 7
918 682 1029 748 quoad,-

118 782 145 837 p.
164 769 224 832 269,
239 769 282 820 21.
298 768 333 821 28
348 763 460 816 adiectis
475 768 503 816 ct
515 762 618 834 insuit,·
639 777 665 832 p.
680 764 743 828 271,
758 767 792 816 10
806 765 924 832 actoque
937 765 976 817 s’ra
993 763 1030 821 ad

118 849 194 903 illurn
214 846 365 902 editionem
381 847 442 902 sive
462 848 556 917 potius
580 844 774 902 Beroaldinarn
794 842 855 898 eius
876 847 1026 916 repetitio·

118 947 181 986 nem
196 931 318 994 relictis3
336 930 499 986 Beroaldurn
519 930 591 984 enirn
606 927 815 983 emendationes
827 929 979 1000 quaedam,
996 936 1027 985 ul

118 1032 147 1080 p.
163 1020 233 1084 258,
250 1020 267 1072 6
282 1002 473 1068 Praeconinus
481 1036 490 1074 ,·
510 1031 538 1082 p.
554 1019 622 1079 266,
637 1018 672 1070 30
680 1013 888 1082 praesumente,
903 1013 1023 1084 prodere

119 1103 258 1156 videntur.
302 1097 351 1152 llis
378 1097 402 1152 si
428 1097 570 1152 addideris
585 1111 674 1168 pauca
700 1110 751 1151 ιιιο
767 1095 886 1152 arcitrio
910 1097 1028 1154 adurni.

121 1189 217 1250 strata,
234 1187 263 1234 ut
278 1180 394 1235 Graecis
411 1179 513 1236 litteris
525 1180 662 1235 vocabula
679 1178 785 1235 Graeca
801 1179 928 1251 scripte,
946 1179 1028 1236 (lice-

118 1265 197 1320 ronis
209 1265 300 1318 locum
316 1282 344 1336 p.
361 1269 427 1334 263,
447 1268 480 1320 25
497 1279 557 1334 sqq.
574 1281 589 1318 e
607 1263 743 1317 Cicerone
758 1264 930 1336 suppletum,
944 1281 1025 1338 pree-

119 1365 218 1404 nomcu
241 1346 264 1413 Q
281 1364 333 1420 pro
351 1347 382 1402 M
403 1365 431 1420 p.
447 1353 515 1417 258,
539 1354 556 1407 9
577 1353 750 1416 correctum,
774 1350 802 1401 in
825 1363 852 1418 p.
869 1353 982 1419 257,17
1000 1353 1027 1404 el

120 1434 170 1487 etsi
183 1450 210 1503 p.
221 1438 283 1500 265,
301 1439 334 1492 19
349 1432 481 1503 additum,
496 1432 616 1487 deletum
631 1448 659 1503 p.
672 1437 734 1501 261,
749 1437 782 1490 25
800 1437 964 1504 corruptum
978 1448 1028 1491 vo·

120 1517 248 1572 cahulunr
265 1511 390 1586 (notum,
405 1522 503 1584 natus,
527 1510 696 1587 nominatus)
717 1521 745 1569 et
763 1532 789 1586 p.
804 1520 872 1584 266,
898 1522 933 1576 27
948 1532 1033 1574 cero:-

123 1617 230 1656 omnem
252 1600 379 1657 Aldinam
397 1600 548 1656 editionem
571 1599 735 1671 explicatam
757 1606 785 1653 et
805 1599 884 1670 quusi
912 1601 943 1656 in
966 1603 1032 1658 lace

122 1684 240 1755 positam
259 1684 386 1739 habebis.
430 1683 545 1740 Restant
567 1689 673 1752 tamen,
698 1699 752 1738 non
775 1689 818 1738 est
840 1683 916 1739 enirn
935 1687 1028 1741 celan·

121 1767 200 1835 dum,
217 1766 299 1821 etiarn
319 1782 390 1820 nunc
406 1767 525 1823 obscura
540 1768 625 1822 haec:
642 1772 767 1820 oratores
783 1766 907 1823 additum
927 1786 954 1841 p.
967 1772 1032 1840 257,

120 1854 153 1915 6;
180 1850 266 1903 Sutrii
284 1867 310 1920 p.
334 1855 402 1919 264,
425 1856 457 1907 14
474 1857 503 1905 et
527 1850 639 1921 quidam
665 1867 693 1921 p.
719 1856 787 1919 269,
816 1857 850 1911 36
878 1852 1016 1926 scripturn

122 1949 236 2006 quorum
263 1933 378 2004 primurn
399 1940 426 1988 et
450 1934 562 1989 tertium
586 1933 614 1987 in
635 1934 829 2004 Berolineusi‚
856 1938 980 1992 medium
1002 1938 1033 1993 ie

120 2017 248 2076 leidensi
278 2017 350 2072 libro
372 2023 478 2086 exstat,
505 2019 669 2091 impressum
696 2023 758 2074 ante
778 2018 878 2073 Aldum
901 2037 956 2077 non
981 2038 1030 2078 oo·

121 2116 215 2173 gnovn

181 2185 231 2240 llis
246 2185 332 2256 igitur
349 2187 500 2242 virtutibus
516 2190 660 2245 excellens
675 2188 777 2244 Aldina
792 2187 923 2251 recensio
942 2189 1034 2262 digne

122 2269 255 2327 ethabita
268 2277 311 2327 est
327 2278 354 2327 et
369 2271 432 2342 fuit,
448 2288 519 2343 quae
534 2273 568 2329 ab
585 2272 795 2344 insequentibus
809 2271 854 2325 vel
870 2287 922 2343 per
937 2273 1035 2331 omnia

122 2357 168 2412 vel
189 2355 286 2428 paucls
299 2357 411 2412 mutatis
431 2361 616 2427 repeteretur.
660 2357 735 2409 luter
750 2353 866 2411 criticos
880 2356 1032 2428 proximae

123 2440 223 2495 aetatis
239 2439 368 2495 laudandi
384 2446 446 2493 sunt
462 2438 599 2492 Robertus
616 2438 789 2509 Stephanus,
805 2437 882 2495 Elias
896 2440 1032 2512 Vinctus,

120 2522 247 2577 Achilles
267 2521 389 2590 Statius,
406 2527 435 2575 et
450 2520 515 2576 inde
530 2537 544 2575 a
561 2519 725 2577 casaubono
742 2522 762 2577 ii
779 2522 825 2594 qui
843 2524 877 2578 de
893 2524 1033 2583 universo

121 2603 257 2659 Suetonio
274 2605 346 2658 bene
362 2608 530 2658 meruerunt.
553 2603 619 2658 Nam
636 2603 803 2662 coniunctim
820 2622 880 2662 cum
895 2607 980 2667 libris
994 2611 1031 2669 de

120 2685 177 2741 vita
192 2684 341 2742 Caesarum
364 2685 445 2759 primi
458 2685 597 2743 Antonius
620 2688 759 2760 Gryphius
775 2691 900 2762 Lugduni
915 2711 942 2750 ιι.
958 2700 1035 2756 1566

121 2775 149 2824 et
167 2770 330 2826 Theodorus
347 2771 509 2826 Pulmannus
523 2768 697 2844 Antverpiee
713 2791 739 2830 a.
759 2781 827 2836 1574
842 2777 928 2833 edere
945 2778 1033 2836 insti.

119 2860 238 2908 tuerent.

183 2937 288 2994 Nonum
316 2939 416 2994 edendi
440 2939 644 3000 fundamentum
670 2942 738 3000 iecit
761 2945 918 3002 ludovicus
941 2945 1035 3004 Troes

122 3022 269 3079 llammone
291 3041 315 3081 a.
334 3029 400 3084 1841
422 3023 538 3096 eiusque
557 3029 712 3101 exemplum
733 3028 854 3087 imitatus
868 3030 1035 3090 Fridericus·

122 3107 213 3164 Osann
232 3109 330 3164 Gissae
344 3114 428 3180 1854,
451 3110 580 3168 leidensi
600 3113 673 3170 libro
689 3114 855 3186 abicumque
873 3115 932 3169 lieri
947 3116 1033 3174 salve

122 3193 229 3250 ratione
246 3193 336 3264 potuit
355 3195 429 3266 typis
445 3212 592 3268 expresso.
638 3197 697 3264 Qun
714 3199 788 3253 inre
806 3213 866 3252 cum
887 3201 1033 3258 nonsatis

122 3277 298 3335 considerate
323 3279 366 3334 illi
390 3279 484 3350 egisse
503 3281 665 3350 videantur,
692 3286 768 3336 certa
791 3281 844 3337 iam
865 3285 1031 3354 quaerenda

122 3368 186 3419 111117
202 3370 378 3434 argumente.
401 3366 494 3417 nothus
520 3367 585 3422 'roni
608 3365 696 3410 libri*
728 3364 872 3414 eorrnr‘is.
896 3369 1033 3439 singula.

123 3447 254 3490 'aestimant
321 3473 336 3490 a.
448 3457 463 3490 ἰι
486 3485 490 3490 ,
546 3447 607 3486 ,ιἰι..
666 3477 730 3486 .....
