2334 3870
439 162 544 211 srvos
568 161 750 211 ennomus.
1033 154 1091 218 151

93 342 130 384 ac
146 321 276 382 damnum
294 317 472 378 liberalitate
493 335 543 378 sua
565 325 741 379 resarturum
763 320 931 399 pollicente.
975 321 1031 398 Qui
1051 330 1093 383 ta·

93 425 159 467 men
176 406 303 465 moriens
317 403 389 463 etin
404 402 497 462 tertiis
511 400 668 462 heredibus
685 420 749 464 eum
765 421 803 464 ex
821 411 903 483 parte
922 408 1006 466 tertia
1021 424 1092 466 aun·

95 500 243 570 cupatum,
266 488 365 565 legato
382 486 468 545 etiam
485 487 563 547 circa
577 488 703 546 sestertii
719 488 809 548 vicies
828 499 1001 566 prosecutus
1017 506 1093 551 com·

95 573 265 635 mandavit
257 588 376 649 insuper
400 561 576 629 exercitibus
597 588 633 631 ac
652 573 764 632 senatui
785 571 1003 652 populoquell.
1020 575 1095 633 inter

73 669 209 722 eceterae
224 652 456 714 necessitudines
469 655 642 714 nominatim.

158 741 216 801 Sub
238 738 309 800 Gaio
322 737 434 798 demum
455 737 553 798 iratris
573 737 650 814 lilio,
682 739 836 800 secundam
855 740 1127 801 existimationem?

95 828 173 885 circa
196 824 275 883 initia
297 823 412 901 imperii
433 821 565 881 omnibus
589 820 741 882 lenociniis
761 823 937 902 colligente,
968 823 1096 884 honores

95 909 261 986 auspicatus
278 906 457 966 consulatum
469 908 563 983 gessit
581 922 636 965 una
657 923 712 984 per
731 906 804 966 duos
821 921 954 986 menses,
986 909 1095 967 evenit-

95 1011 151 1070 que
165 1001 195 1050 ut
210 991 338 1069 primitus
356 990 528 1068 ingredienti
545 1007 608 1050 cum
623 988 752 1050 laecibas
766 990 861 1050 lorum
871 988 1096 1070 praetervolans

58 1075 187 1155 roaquila
206 1075 373 1134 dexteriore
394 1092 493 1134 umero
516 1073 692 1135 consideret.
737 1074 863 1134 Sortitus
885 1084 929 1135 est
950 1083 979 1133 et
1000 1073 1036 1133 de
1056 1075 1096 1135 al-

90 1170 154 1220 tero
188 1159 338 1220 consulatu
365 1159 395 1219 in
424 1169 553 1238 quartam
575 1174 693 1230 annum:
722 1156 929 1238 praeseditque
960 1175 1096 1217 nonnum-

91 1261 174 1323 quam
191 1243 394 1322 spectaculis'
386 1263 414 1302 ιιι
428 1242 479 1305 Gai
493 1247 605 1320 vicem,
630 1243 809 1305 adclamante
829 1244 957 1323 populo:
984 1240 1096 1304 Felici

92 1336 138 1388 ter
164 1330 268 1422 partim
291 1333 407 1402 patruo
434 1289 633 1403 imperator’ts
654 1331 758 1405 partim
780 1327 958 1411 Germanici
978 1327 1097 1426 frotrt‘!

91 1411 156 1469 Nec
174 1425 210 1466 eo
226 1410 319 1466 minus
334 1409 514 1467 contumeliis
535 1409 677 1468 obnoxius
693 1413 772 1470 vixit.
816 1411 890 1471 Nam
909 1405 939 1472 et
961 1414 985 1470 ei
1008 1411 1130 1507 paulo8

61 1494 188 1557 userius
214 1490 251 1550 ad
272 1489 454 1588 praedictam
483 1507 590 1549 caenae
624 1490 724 1550 horam
756 1496 947 1568 occurrisset,
982 1493 1097 1551 nonnisi

95 1583 231 1652 aegrest
254 1573 375 1633 circuito
391 1573 503 1633 demum
525 1572 651 1633 triclinio
672 1573 883 1652 recipiebatur,
914 1584 944 1634 et
966 1575 1098 1652 quotiens

94 1667 162 1739 post
178 1657 270 1718 cibum
287 1657 527 1734 addormieceret,
559 1656 637 1736 quod
650 1658 678 1717 ei
693 1656 757 1716 lere
777 1657 945 1734 accidebat,
971 1657 1099 1718 olearum

93 1752 142 1803 aut
167 1740 356 1819 palmularum
383 1741 497 1802 ossibus
524 1742 740 1821 incessebatur,
763 1741 904 1802 interdum
929 1740 1023 1801 ferula
1049 1741 1098 1802 lla-

91 1844 186 1904 grove
209 1827 289 1886 velut
312 1845 365 1906 per
385 1826 482 1886 ludum
504 1828 685 1888 excitabatur
701 1846 717 1887 a
734 1827 862 1905 capreis.
908 1823 1049 1886 Sciebant
1071 1834 1099 1886 et

56 1910 223 1971 romanibus
248 1912 396 1972 stertentis
423 1911 504 1973 socci
531 1911 643 1989 induci,
675 1920 705 1970 ut
725 1920 847 1990 repente
871 1910 1099 1991 expergefactus

90 1996 197 2055 faciem
213 1994 327 2053 sibimet
344 1996 526 2056 confricaret.

156 2078 214 2137 Sed
241 2096 278 2137 ne
305 2077 515 2138 discriminibus
541 2079 655 2156 quidem
683 2080 782 2138 caruit.
827 2078 950 2139 Primum
977 2081 1005 2138 in
1030 2080 1130 2158 ipsoll

92 2161 259 2239 consulatu,
282 2161 359 2241 quod
373 2161 499 2223 Neronis
514 2170 543 2221 et
556 2161 658 2239 Drusi,
681 2163 799 2222 fratrum
816 2160 968 2240 Gaesaris,
991 2171 1098 2223 statuas

92 2249 211 2323 segnius
226 2245 365 2307 locandas
382 2245 589 2326 ponendasque
607 2256 752 2324 curasset,
783 2265 876 2326 paene
897 2246 1008 2306 honore
1025 2264 1097 2305 eum·

56 2340 187 2396 remotus
209 2339 268 2399 est;
302 2330 405 2390 deinde
428 2339 566 2389 extraneo
588 2329 637 2389 vel
654 2333 738 2390 etiam
758 2329 983 2391 domesticorum
1001 2328 1098 2407 aliquo

92 2413 244 2474 deferente
267 2414 381 2475 assidue
403 2415 540 2492 varieque
564 2415 745 2513 inquietatus.
791 2413 862 2475 Gum
884 2432 956 2474 vero
984 2412 1099 2472 detecta

93 2507 173 2558 esset
192 2498 291 2578 Lepidi
317 2509 345 2558 et
371 2498 512 2560 Gaetulici
540 2499 716 2576 coniuratio,
743 2501 847 2559 missus
868 2500 897 2557 in
919 2496 1099 2559 Germaniam

92 2585 167 2641 inter
193 2581 308 2659 legatos
330 2583 366 2644 ad
391 2582 605 2661 gratulandum,
635 2544 720 2643 etlanl
740 2585 816 2644 vitae
841 2582 1001 2662 perieulum
1023 2580 1098 2658 adiit,

92 2666 259 2744 indignante
278 2685 313 2727 ac
328 2669 469 2728 fremente
487 2666 558 2728 Galo
579 2676 711 2746 patruum
732 2669 910 2746 potissimum
932 2665 967 2726 ad
984 2684 1016 2725 se
1031 2667 1098 2726 mis-

54 2772 82 2815 so
93 2768 154 2810 sum
172 2752 253 2828 quasi
269 2752 305 2812 ad
320 2768 441 2832 puerum
453 2752 629 2830 regendum,
650 2750 724 2812 adeo
741 2762 844 2813 utnon
865 2750 1024 2826 defuerint,
1051 2750 1099 2828 qui

91 2834 240 2895 traderent
255 2837 476 2917 praecipitatum
492 2854 608 2916 quoque
627 2838 656 2895 in
674 2837 793 2914 flumen,
816 2837 892 2895 sicut
908 2835 1030 2894 vestitus
1051 2833 1098 2892 ad-

91 2929 222 2979 venerat.
266 2919 362 2999 Atque
387 2939 425 2979 ex
451 2936 488 2980 eo
512 2938 664 3000 numquam
678 2938 737 2980 non
753 2923 782 2979 in
804 2929 906 2980 senatu
927 2918 1099 2977 novissimus

93 3003 286 3065 consularium
307 3005 477 3064 sententiam
498 3004 585 3082 dixit,
607 3006 783 3082 ignominiae
806 3022 892 3065 causa
915 3010 985 3083 post
1008 3001 1099 3060 omnis

91 3089 298 3165 interrogatus.
341 3088 435 3148 Etiam
451 3091 582 3165 cognitio
594 3088 661 3149 lalsi
676 3091 838 3149 testamenti
854 3095 976 3167 recepta
993 3093 1049 3162 est,
1071 3084 1099 3143 in

53 3189 150 3271 ecquo
170 3180 199 3232 et
226 3174 291 3251 ipse
310 3174 486 3251 signaverat.
531 3173 683 3234 Postremo
706 3175 871 3234 sestertium
892 3171 1027 3247 octogies
1044 3184 1097 3247 pro

92 3256 208 3317 introitu
222 3259 290 3317 novi
311 3256 468 3318 sacerdotii
490 3266 610 3317 coactus
630 3257 814 3337 impendere,
836 3257 940 3318 adeas
960 3272 1004 3313 rer
997 3253 1098 3314 iami-

91 3340 172 3400 liaris
200 3343 346 3420 angustias
380 3340 502 3419 decidit,
537 3351 588 3468 utn
594 3361 658 3402 cum
687 3341 844 3421 obligatam
868 3339 980 3400 aerario
1013 3337 1090 3398 liden

92 3423 218 3484 liberate
245 3443 302 3472 nnn
329 3444 400 3476 mnan
387 3434 446 3484 ut
470 3387 544 3468 irltu
590 3445 644 3473 nm
673 3425 738 3484 tac,-
778 3444 840 3484 trae
825 3423 944 3480 eir-‘dato
921 3441 962 3483 riq
987 3420 1090 3476 venalis
