2286 3862
69 203 131 265 206
153 215 184 264 c.
200 213 349 263 sunrour
367 211 495 272 cnunc.
510 211 557 258 nn
574 210 657 258 vrrs
674 209 858 261 csnsmms
872 211 945 261 mn.
960 214 1025 266 vrr.

70 356 306 437 praefinitumque
321 362 444 431 tempus.
466 349 612 413 iudicibus
624 359 736 410 sertam
745 350 894 412 decuriam
911 352 992 415 adici
1003 373 1070 435 pre-

70 439 200 502 cantibus
210 455 268 498 non
279 437 366 497 modo
375 437 502 513 negavit,
514 434 567 494 sed
577 443 606 494 et
618 452 789 495 concessum
802 433 951 500 aclaudio
959 437 1070 501 bened·

70 527 152 603 cium,
165 542 201 583 nc
213 523 306 582 bieme
318 523 455 599 initioque
469 520 535 580 anni
547 518 583 579 ad
593 518 773 579 iudicandum
783 531 1000 601 evocarentur,
1012 526 1068 585 eri·

27 620 59 673 15
70 611 139 689 puit.
170 605 394 669 Existimabatur
406 606 490 664 etiam
501 604 646 664 senatoria
658 611 687 662 et
695 606 842 683 equestria
853 604 958 669 cilicis
968 606 1066 668 bienni

68 694 163 772 spatio
176 691 425 766 determinaturus,
436 707 491 748 nec
503 688 618 749 datmus
631 687 686 747 nisi
698 686 793 749 inuitis
805 706 841 750 ac
851 691 1057 753 recusntibus.
1070 708 1084 748 t

66 777 269 840 liberalitates
275 774 412 851 Neronis,
421 792 478 834 non
487 773 552 854 plus
561 772 679 833 decimis
689 774 850 850 concessis,
862 792 920 854 per
928 775 1061 855 mque

68 863 148 939 ginta
165 861 278 938 equites
290 859 326 921 ll.
343 877 378 919 ea
391 858 562 922 condicione
574 856 758 919 revocandas
771 859 883 918 curarit
893 858 1065 939 exigendas-

70 963 135 1026 que,
144 954 173 1004 ut
186 954 215 1004 et
223 946 248 1004 si
256 944 323 1024 quid
331 945 457 1005 scaemci
466 951 512 1004 aut
518 944 624 1017 xystici
637 941 772 1002 donatum
779 941 848 1003 olim
855 943 1069 1024 vendidissent,

69 1029 230 1093 auferretur
252 1027 445 1107 emptoribus,
469 1026 583 1105 quando
601 1026 643 1087 illi
660 1026 755 1105 pretio
773 1025 931 1106 absumpto
949 1028 1071 1090 solvere

68 1133 104 1175 ne
126 1114 229 1173 uirem.
1078 1126 1099 1168 rs

107 1133 169 1256 th
181 1207 282 1256 contra
293 1196 362 1256 nibil
371 1213 489 1275 nonper
497 1195 617 1256 comites
629 1204 716 1275 atque
723 1194 845 1256 libertos
854 1197 954 1275 pretio
961 1197 1070 1277 addici,

68 1292 116 1343 aut
131 1280 232 1341 donari
250 1282 344 1357 gratia
362 1298 465 1359 passus
478 1288 537 1356 cst,
556 1280 711 1358 vectigalia
728 1280 939 1358 immunitates,
956 1299 1071 1362 poenas

67 1366 263 1428 innocentium
275 1366 457 1443 impunitates
467 1366 628 1426 noxiorum.
648 1365 830 1440 Quinetiam,
847 1364 1070 1445 populcli.de·

68 1458 210 1531 poscente
222 1448 397 1529 supplicium
406 1448 505 1510 Haloti
518 1458 547 1510 et
559 1448 700 1526 Tigillini,
711 1447 794 1509 solos
806 1465 844 1509 er
861 1449 999 1511 omnibus
1010 1449 1069 1511 Ne·

67 1537 147 1596 ronis
160 1535 319 1595 emissariis
331 1534 378 1595 vel
389 1533 671 1595 maleficentissimos
681 1532 843 1592 incolumes
862 1536 1011 1612 praestitit
1027 1544 1067 1596 nt
1076 1552 1097 1594 m

68 1638 123 1699 que
136 1623 254 1697 insuper
265 1617 400 1679 Halotum
411 1620 616 1697 procuratione
628 1617 803 1696 amplissima
817 1619 942 1700 ornauit,
956 1619 1068 1699 proTi·

68 1703 171 1781 gillino
184 1706 270 1764 etiam
281 1705 422 1764 saeuitiae
437 1702 576 1781 populum
589 1701 685 1762 edicto
697 1703 850 1782 increpuit.

29 1797 60 1854 16
129 1788 184 1849 Per
195 1787 269 1848 haec
282 1806 375 1868 prope
389 1789 529 1847 uniuersis
549 1786 696 1847 ordinibus
715 1786 857 1865 offensus,
878 1786 928 1847 vel
952 1789 1068 1867 praeci·

69 1891 125 1951 pua
136 1872 277 1948 llagrabat
288 1871 394 1932 invidia
406 1871 482 1950 apud
493 1871 609 1932 milites.
631 1869 704 1932 Nam
718 1890 781 1930 cunr
792 1873 821 1931 in
831 1871 921 1932 verba
940 1873 1006 1933 eius
1020 1871 1069 1933 eb·

69 1958 159 2017 sentis
171 1956 329 2016 iurantibus
347 1956 511 2016 donativum
523 1955 660 2032 grandius
670 1955 758 2016 solito
766 1957 928 2035 praepositi
938 1974 1067 2036 pronun·
1075 1979 1099 2020 ro

68 2043 200 2116 tiassent,
213 2059 308 2119 neque
319 2049 409 2101 ratam
420 2059 481 2100 rem
492 2039 591 2100 habuit
603 2048 632 2100 et
643 2039 764 2100 subinde
776 2041 904 2118 iactavit,
917 2039 1070 2121 legerere

68 2123 208 2201 militem,
235 2143 412 2186 uouemere
429 2143 616 2196 consumme,-
641 2133 726 2204 atque
744 2142 780 2184 eo
809 2124 924 2204 quidem
949 2127 1070 2187 nomine

69 2211 176 2287 omnis,
195 2212 242 2288 qui
255 2209 360 2290 ubique
373 2219 470 2287 erant,
484 2209 679 2270 exacerbavit.
713 2207 847 2270 Ceterum
862 2212 1070 2288 praetorianos

69 2297 154 2355 etiam
165 2303 242 2353 metu
255 2304 283 2354 et
295 2295 463 2372 indignitate
478 2296 641 2371 commovit,
654 2311 808 2354 removens
819 2293 940 2354 subinde
951 2294 1068 2374 pleros·

69 2397 135 2458 que,
148 2387 178 2438 ut
190 2389 346 2457 suspectos
359 2389 387 2439 et
397 2379 552 2458 Nymphidi
565 2381 674 2438 socios.
706 2378 765 2438 Sed
781 2381 905 2440 maxime
921 2377 1100 2439 ircmebatru

68 2465 229 2541 superioris
243 2463 411 2524 Germaniae
428 2466 586 2540 exercitus,
600 2462 726 2523 fraudari
744 2481 777 2522 se
796 2465 924 2542 praemis
940 2471 1068 2524 nauatae

68 2547 208 2607 adversus
223 2548 324 2608 Gallos
336 2558 364 2608 et
376 2549 528 2609 Vindicem
541 2565 660 2626 operae.
687 2546 770 2625 Ergo
789 2550 872 2626 primi
892 2547 1069 2627 obsequium

66 2649 200 2709 rumpere
215 2635 287 2708 ausi,
300 2631 346 2692 lll.
358 2631 418 2692 lan.
432 2633 511 2710 adigi
524 2640 706 2693 sacramento
719 2633 775 2692 nisi
787 2633 816 2692 in
828 2650 934 2692 nomen
946 2639 1068 2692 senatus

65 2725 234 2775 recusarunt
246 2718 397 2796 statimque
410 2717 585 2794 legationem
604 2716 639 2777 ad
658 2719 857 2795 praetorianos
870 2735 933 2776 cum
949 2716 1068 2780 manda·

66 2801 103 2861 tis
122 2800 351 2878 destinaverunt,
370 2801 535 2880 displicere
552 2802 771 2880 imperatorem
791 2801 824 2861 im
836 2799 995 2880 Hispania
1010 2799 1100 2879 fot-co

67 2891 167 2955 otum;
184 2883 329 2962 eligerent
341 2886 404 2964 ipsi
417 2905 505 2966 poem
520 2887 623 2947 ocmcii
642 2886 797 2946 exercitur
815 2882 1066 2964 comprobarent.

25 2972 56 3029 it
68 2969 153 3045 Quod
172 2978 203 3030 ut
227 2971 382 3030 nuntiatum
407 2980 467 3047 est,
489 2973 640 3049 despectui
666 2987 809 3031 essenon
834 2980 891 3031 tam
915 2978 1068 3030 senectam

67 3073 146 3116 suam
164 3072 247 3134 quam
259 3054 411 3116 orbitatem
429 3065 523 3133 ratus,
547 3055 682 3117 Pisonem
698 3054 788 3131 Frugi
804 3054 997 3131 Licinianum,
1012 3071 1067 3114 no·

66 3139 154 3200 bilem
168 3140 378 3218 egregiumque
391 3144 523 3201 iuvenem
533 3160 567 3201 ac
580 3140 635 3201 sibi
649 3139 717 3200 olim
730 3138 963 3218 probatissimum
975 3146 1066 3198 testa·

66 3233 221 3303 mentoque
234 3242 349 3301 semper
361 3227 390 3284 in
400 3224 475 3286 bona
488 3235 516 3286 ei
533 3244 638 3286 nomen
656 3225 813 3302 adscitum,
832 3233 986 3303 repentes
1003 3240 1065 3282 me·
1075 3233 1100 3274 ³⁵

68 3306 115 3368 dia
139 3309 319 3369 salutantium
341 3309 423 3369 turba
446 3309 635 3389 adprehendit
652 3310 797 3388 liliumque
819 3307 972 3388 appellans
995 3325 1062 3386 per·

68 3390 148 3452 duxit
173 3395 202 3452 in
223 3404 316 3454 castra
335 3412 369 3454 ac
387 3411 441 3472 pro
461 3397 598 3454 contione
617 3394 780 3472 adoptavit,
805 3411 842 3453 ne
860 3402 928 3453 tunc
946 3390 1063 3472 quidem

67 3472 195 3538 donativi
214 3479 272 3540 ulla
288 3480 434 3538 mentione
449 3479 535 3538 lacta.
570 3479 633 3568 Quo
647 3478 808 3538 faciliorem
826 3477 1012 3539 occasionem
1023 3473 1064 3537 ili,
