2334 3870
137 192 199 255 248
217 206 246 255 u.
262 204 412 254 sunnonr
429 203 555 263 nunno.
572 204 619 251 nn
635 203 716 250 vrrs
739 201 923 251 cunsununs
937 204 1122 267 u1n.vm.„

136 370 280 440 nataeque
301 361 450 420 saevitiae.
483 358 623 419 dotorem
646 373 818 417 summarum
839 357 929 437 pridie
950 376 1040 437 quarn
1055 363 1137 424 cruci

136 447 242 523 figeret
262 445 291 503 in
312 442 473 504 cubiculum
493 443 629 518 vocavit,
652 439 783 500 assidere
803 440 832 501 iu
845 449 908 501 toro
921 441 1001 504 iuxta
1022 449 1136 524 coegit,

137 547 271 589 securum
286 529 465 605 hilaremque
483 525 604 603 dimisit,
628 524 757 605 partibus
774 526 860 585 etiam
874 524 910 584 de
923 543 1014 588 caena
1030 528 1135 606 digna·

137 621 183 673 tus
198 621 251 673 est.
275 608 448 673 Arrecinum
460 609 638 670 Clementem
654 608 854 687 consularem,
865 626 947 671 uuuru
957 628 973 671 e
983 611 1134 673 familiari-

136 696 191 757 bos
211 707 240 757 et
256 697 412 755 emissariis
428 695 502 771 suis,
523 695 627 773 capitis
642 691 899 771 condemnaturus,
924 694 1063 757 incudem
1079 696 1129 756 vel
1144 720 1159 759 a

138 783 222 841 etiam
239 782 348 839 maiore
363 780 456 854 gratia
471 777 584 854 habuit,
602 777 697 858 quoad
714 778 874 841 novissime
896 778 980 843 simul
994 782 1131 857 gestanti,

138 872 299 942 conspecto
317 862 448 924 delatore
464 864 541 940 eius,
561 860 613 923 Vis
627 861 719 941 inquit
737 860 818 925 huuc
837 860 1055 942 aequissimum
1069 880 1134 923 scr-

136 965 206 1008 oum
223 965 297 1008 cros
316 947 502 1009 audiemus?

222 1031 260 1091 Et
272 1050 330 1110 quo
347 1034 537 1111 contemptius
551 1029 717 1091 abuteretur
732 1031 869 1109 patientia
880 1029 1042 1107 hominum,
1058 1047 1136 1090 num·

138 1134 222 1196 quarn
238 1117 395 1175 tristiorem
413 1117 582 1175 seutentiam
598 1115 661 1174 sine
677 1114 859 1193 praefatione
879 1114 1052 1177 clementiae
1069 1130 1135 1194 pro·
1147 1135 1165 1174 u

136 1201 291 1274 nuntiavit,
307 1208 336 1258 ut
351 1217 409 1260 non
423 1198 500 1259 aliud
513 1199 568 1259 iam
581 1199 688 1258 certius
702 1201 811 1259 atrocis
821 1200 916 1261 exitus
928 1200 1044 1275 signum
1058 1206 1134 1258 esset

137 1300 221 1362 quam
243 1284 379 1363 principii
398 1282 512 1343 lenitas.
543 1281 690 1357 Quosdam
711 1283 868 1345 maiestatis
889 1301 958 1344 reos
980 1283 1134 1343 incuriam

135 1367 303 1443 induxerat,
333 1376 361 1427 et
392 1385 455 1428 cum
482 1366 692 1447 praedixisset,
720 1372 919 1446 expertarum
943 1384 978 1427 ce
1003 1366 1062 1427 illa
1088 1365 1135 1427 die

136 1469 229 1532 quem
246 1468 342 1512 eorus
358 1453 480 1513 senatui
498 1459 592 1528 esset,
611 1451 697 1516 iacile
718 1452 884 1532 perfecerat
899 1460 929 1511 ut
945 1452 1033 1511 etiam
1054 1468 1134 1511 more

134 1537 273 1597 maiorum
285 1536 420 1614 puniendi
433 1536 709 1606 condemnarentur;
729 1536 833 1596 deiude
849 1536 1002 1599 atrocitate
1018 1544 1165 1616 poenae¹⁵

137 1623 326 1698 conterritus,
351 1620 388 1682 ad
411 1620 572 1682 leniendam
593 1619 744 1697 invidiam,
765 1621 932 1681 intercessit
953 1618 999 1681 his
1018 1618 1135 1681 verbis:

137 1707 248 1785 (neque
263 1706 338 1764 enim
352 1705 389 1765 ah
402 1723 434 1764 re
455 1705 541 1765 inerit
562 1706 624 1783 ipsa
649 1703 848 1782 cognoscere)
869 1702 1055 1781 Pamisus,
1075 1720 1134 1784 pa·

136 1794 199 1850 tres
215 1788 400 1867 conscripti,
419 1789 570 1866 epistole
583 1795 689 1849 oestro
703 1788 882 1865 impetrari,
900 1787 985 1867 quod
999 1788 1069 1849 seio
1089 1806 1136 1849 asc

136 1871 303 1951 dq‘ficoltcr
320 1872 569 1948 impetraturum,
592 1877 626 1932 ut
641 1871 798 1933 damuatio
813 1871 943 1934 liberam
956 1872 1068 1935 mortis
1082 1890 1134 1934 ur·

136 1954 260 2016 ditriam
286 1953 493 2034 iudolqcotis;
520 1972 593 2017 nom
618 1963 648 2016 ct
672 1956 814 2035 parcetis
841 1956 941 2019 ceolis
964 1957 1082 2019 cestris
1109 1963 1166 2019 cta

134 2038 307 2118 iutellcpeat
319 2057 366 2100 mc
380 2057 484 2101 omues
500 2040 622 2102 senatui
635 2039 823 2119 interfuisse.

92 2139 127 2195 12
197 2123 362 2185 Exhaustus
388 2142 508 2205 operum
531 2143 566 2185 ac
587 2143 734 2186 munerum
755 2125 893 2205 impensis
916 2124 1133 2206 stipendioque,

135 2208 213 2288 quod
228 2208 390 2287 adiecerat,
414 2211 565 2288 temptavit
581 2208 695 2290 quidem
717 2209 752 2271 ad
773 2207 950 2271 relevandos
965 2216 1134 2273 castrenses

135 2303 277 2374 sumptus,
293 2312 442 2355 numerum
457 2294 575 2355 militum
591 2295 771 2365 deminuerc;
789 2293 841 2354 sed
859 2300 962 2354 cumet
976 2292 1134 2359 obnoxium

135 2397 168 2440 se
193 2377 325 2439 barbaris
351 2397 405 2458 per
429 2379 487 2439 hoc
513 2379 770 2456 animadverteret,
797 2396 893 2457 neque
920 2394 957 2437 eo
986 2378 1081 2439 setius
1103 2379 1162 2439 inas

135 2463 317 2543 explicandis
334 2463 471 2524 oneribus
485 2462 634 2541 haereret,
656 2463 725 2524 nihil
748 2464 832 2542 pensi
845 2461 945 2525 habuit
962 2464 1033 2542 quin
1048 2479 1131 2543 prae·

134 2547 249 2607 daretur
264 2549 339 2607 omni
355 2548 451 2608 modo.
480 2546 561 2608 Bona
579 2549 709 2608 virorum
726 2565 762 2608 ac
777 2555 954 2609 mortuorum
968 2564 1131 2627 usquequa·

135 2648 191 2707 que
208 2629 339 2708 quolibet
354 2641 383 2692 et
399 2641 570 2692 accusatore
592 2639 622 2691 et
643 2631 761 2691 crimine
783 2631 1025 2711 corripiebantur.
1055 2631 1131 2693 Satis

134 2721 211 2789 erat,
229 2712 306 2772 ohici
322 2714 532 2794 qualecumque
553 2715 659 2775 iactum
680 2715 824 2775 dictumve
840 2715 981 2779 adversus
997 2716 1130 2779 nauta

132 2805 190 2856 tem
211 2797 359 2878 principis.
404 2796 644 2859 confiscabantur
664 2798 859 2861 alienissimae
880 2797 1061 2865 hereditates
1082 2796 1159 2859 velus

133 2898 189 2941 nno
206 2882 367 2960 existente,
392 2884 440 2961 qui
457 2882 569 2944 diceret
589 2882 706 2944 audisse
729 2902 764 2944 se
782 2901 821 2945 ex
835 2883 989 2962 defuneto,
1010 2900 1077 2947 curn
1090 2884 1130 2945 ri·

133 2974 233 3043 reret,
253 2964 350 3027 hered
412 2966 467 3028 sihi
482 2965 594 3029 Cacsar
657 2986 735 3029 esse.
768 2967 889 3030 Praeter
903 2975 1023 3033 cetsrm
1036 2966 1130 3035 mtu-

142 3068 184 3112 ,us
200 3051 287 3111 iscus
301 3069 390 3112 aceru
507 3059 610 3113 actusr
682 3051 719 3114 ad
738 3070 824 3132 quem
837 3050 1061 3131 deferebantur,
1081 3050 1131 3131 qul

144 3135 181 3195 ⁷el
197 3135 318 3214 inproier
374 3135 398 3196 lu
525 3136 614 3199 siren
672 3139 777 3213 vitatu,
798 3136 848 3201 vel
867 3134 1047 3201 diuinulstt
1072 3134 1142 3221 orl-¹

136 3238 201 3288 arne
217 3221 282 3299 impr
370 3238 414 3288 aer
630 3240 678 3296 apr
706 3218 872 3287 mudiutnt·
897 3218 1159 3289 humanm
