2334 3870
128 197 168 264 ao
212 212 242 260 c.
259 210 410 260 suuuoru
425 208 550 267 cnunc.
567 209 615 254 ou
631 208 715 255 vura
732 207 916 256 causarum
931 208 1000 255 uus.
1018 208 1042 256 1.

129 366 272 443 ediderat,
296 365 494 441 theatrumque
522 380 647 425 summae
671 362 874 440 magnitudinis
893 363 1021 445 Tarpeio
1042 366 1132 426 monti

129 452 288 519 accubans;
315 451 359 509 ius
383 447 471 508 civile
492 445 528 508 ad
549 457 658 508 certum
676 446 790 507 modum
813 447 961 526 redigere,
984 457 1075 529 atque
1096 469 1134 511 ex

129 542 265 599 immensa
286 533 446 611 diffusaque
466 531 564 608 legum
587 534 673 612 copia
693 533 800 612 optima
823 549 955 611 quaeque
983 541 1014 593 et
1030 552 1133 594 neces·

129 622 204 684 saria
221 620 251 678 iu
275 619 466 698 paucissimos
489 616 625 677 conferre
654 616 762 687 libros;
786 614 982 677 bibliothecas
1004 617 1131 678 Graecas

128 706 300 782 Latinasque
332 719 401 781 quas
434 703 571 761 maximas
600 710 703 781 posset
733 700 898 781 publicare,
938 701 1005 763 data
1028 700 1148 762 llarcoc

128 789 255 852 Varroni
286 805 353 846 cura
386 785 639 864 comparandarum
670 804 719 863 acp
732 785 973 863 digerendarum;
1017 787 1128 846 siccare

129 873 296 951 Pomptinas
322 869 443 948 paludes
451 892 458 939 ;
488 871 619 929 emittere
643 868 781 929 Fucinum
798 870 906 940 lacum3
930 873 1006 930 viam
1023 872 1132 930 munire

130 958 237 1020 amari
267 955 380 1034 Supero
410 971 464 1032 per
486 953 650 1034 Appennini
674 953 790 1014 dorsum
814 953 851 1015 ad
879 954 1006 1015 Tiberim
1026 972 1133 1035 usque;

131 1039 288 1123 perfodere
310 1038 462 1108 Isthmum3
485 1037 599 1114 Dacos,
624 1039 671 1116 qui
695 1056 727 1098 se
747 1040 775 1098 iu
792 1037 913 1098 Pontum
927 1047 957 1099 et
982 1039 1134 1101 Thraciam

131 1123 310 1198 effuderant,
330 1138 486 1190 coercere;
515 1139 582 1180 mox
604 1121 717 1182 Parthis
739 1123 978 1184 inferre-bellum
999 1142 1055 1203 per
1077 1123 1166 1185 Arm

130 1210 252 1270 meuiam
267 1209 422 1281 minorem,
444 1224 500 1265 uec
517 1207 571 1265 uisi
588 1215 653 1267 aute
671 1216 812 1286 expertos
832 1204 953 1285 adgredi
970 1208 1093 1287 proelio.

195 1291 276 1352 Talia
302 1297 436 1367 agentem
464 1299 549 1369 atque
578 1290 762 1351 meditantem
783 1308 861 1352 mors
882 1292 1040 1372 praevenit.
1083 1290 1130 1350 De

132 1396 187 1458 qua
204 1377 282 1456 prius
304 1392 388 1453 quam
405 1373 505 1453 dicam,
518 1392 553 1435 ea
568 1392 642 1454 quae
657 1375 692 1437 ad
705 1376 825 1436 iormam
840 1385 869 1436 et
886 1368 1012 1437 habiturn
1026 1384 1055 1436 et
1070 1375 1129 1436 cul·

132 1472 190 1522 tum
210 1470 239 1520 et
263 1477 377 1535 mores,
408 1476 464 1518 uec
488 1460 581 1519 minus
609 1478 683 1538 quae
708 1460 744 1521 ad
770 1461 865 1521 civilia
887 1470 916 1521 et
940 1460 1049 1522 bellica
1071 1462 1133 1521 eius

132 1544 224 1607 studia
240 1545 402 1625 pertineant
417 1560 476 1603 non
491 1543 615 1605 alienum
630 1546 685 1604 erit
701 1546 859 1607 summatim
875 1562 1035 1625 exponere.

89 1638 124 1691 45
195 1629 298 1691 Fuisse
311 1627 430 1687 traditur
445 1628 564 1688 excelsa
582 1637 700 1705 statura,
722 1630 824 1690 colore
843 1629 975 1708 candido,
993 1629 1134 1690 teretibus

132 1713 278 1789 membris,
300 1728 351 1772 ore
368 1711 455 1791 paulo
471 1712 617 1792 pleniore,
638 1714 729 1790 nigris
746 1716 919 1795 uegetisque
936 1714 1047 1792 oculis,
1063 1713 1133 1774 vali-

132 1798 230 1860 tudine
246 1813 404 1877 prospera;
425 1797 479 1855 nisi
497 1795 573 1875 quod
588 1805 720 1877 tempore
743 1807 873 1859 extremo
896 1807 1020 1878 repente
1041 1800 1134 1860 animo

132 1883 221 1963 linqui
237 1890 322 1960 atque
344 1881 428 1940 etiam
449 1899 502 1961 per
518 1896 647 1940 somnum
663 1884 806 1942 exterreri
828 1882 954 1944 solebat.
991 1881 1135 1945 Comitiali

133 1985 249 2047 quoque
270 1963 372 2025 morbo
396 1965 441 2024 bis
462 1965 538 2024 iuter
559 1984 607 2026 res
631 1967 760 2044 agendas
778 1975 931 2048 correptus
955 1976 1010 2027 ost.
1048 1966 1164 2029 Gircar

135 2052 268 2130 corporis
282 2066 378 2109 curam
398 2051 560 2127 morosior,
582 2059 613 2110 ut
632 2068 690 2110 uon
706 2051 798 2112 solum
817 2052 987 2113 tonderetur
1013 2052 1135 2131 diligen·

134 2145 180 2196 ter
200 2153 235 2196 ac
255 2132 424 2210 raderetur,
447 2132 500 2193 sed
525 2134 684 2195 velleretur
707 2137 808 2214 etiam,
838 2144 869 2196 ut
893 2135 1008 2216 quidam
1028 2153 1135 2218 expro-

133 2220 304 2288 braveruut;
346 2217 454 2279 calvitii
485 2236 556 2280 vcro
586 2219 797 2282 deformitatem
825 2221 1002 2301 iniquissime
1033 2220 1136 2298 terret,

134 2323 224 2387 saepe
242 2302 470 2364 obtrectatorum
492 2303 566 2365 iocis
589 2304 744 2367 obnoxiam
764 2315 912 2384 expertus.
955 2303 1086 2386 Ideoque
1109 2313 1138 2365 ot

135 2391 318 2452 deiicientem
335 2389 471 2466 capillum
487 2406 630 2450 rovocare
654 2407 670 2448 a
692 2390 804 2449 vertice
822 2389 1011 2466 adsueverat,
1042 2397 1073 2450 et
1099 2407 1137 2450 ex
1164 2408 1167 2415 ⁴

134 2475 265 2535 omnibus
297 2471 423 2531 decretis
455 2471 510 2531 sibi
538 2490 555 2532 a
582 2481 683 2532 senatu
706 2473 875 2553 populoque
892 2472 1052 2535 bonoribus
1080 2490 1138 2534 non

134 2557 210 2618 aliud
233 2563 281 2615 aut
300 2556 417 2634 recepit
437 2563 485 2616 aut
505 2557 655 2634 usurpavit
674 2556 809 2618 libentius
837 2576 922 2638 quam
945 2559 989 2619 ius
1018 2557 1137 2621 laureae

134 2656 262 2699 coronae
278 2647 422 2717 perpetuo
436 2637 606 2716 gestandae.

197 2721 291 2782 Etiam
313 2720 391 2781 cultu
410 2721 568 2782 notabilem
587 2723 700 2796 ferunt;
722 2745 804 2787 usum
821 2727 897 2788 euim
916 2727 977 2789 lato
1001 2725 1087 2788 olavo
1103 2726 1139 2788 ad

133 2825 231 2869 manus
261 2805 420 2885 fimbriato,
448 2824 504 2866 nee
532 2816 563 2867 ut
593 2825 725 2889 umquam
753 2813 837 2873 aliter
860 2829 944 2891 quam
964 2828 1166 2892 supereum·

135 2893 318 2969 cingeretur,
342 2899 371 2950 et
403 2890 516 2971 quidem
546 2890 669 2956 lluxiorc
701 2897 843 2965 cinctura;
880 2895 956 2957 unde
986 2912 1138 2957 emanasse

105 2996 116 3045 ’,
135 2975 233 3038 Sullae
250 2974 355 3034 dictum
371 2978 525 3056 optimates
541 2982 658 3058 saepius
679 2979 877 3060 admonentis,
900 2979 1029 3042 utmolc
1038 2996 1136 3060 prue-

91 3061 266 3124 lfi'et'netum
287 3076 417 3137 puerum
440 3066 594 3124 coement.
622 3063 769 3126 Habitavit
790 3068 883 3145 primo
905 3066 934 3125 in
949 3064 1063 3126 Subura
1076 3080 1136 3125 ruo·

134 3145 208 3206 dicis
228 3141 362 3214 aedibus;
391 3154 459 3226 post
487 3155 581 3206 autem
604 3151 802 3229 pontificatum
822 3150 972 3211 maximum
992 3151 1022 3210 in
1046 3147 1138 3209 Sacra

134 3231 182 3290 ria
202 3230 288 3289 domo
316 3227 443 3309 publica.
488 3229 686 3295 blanditiarum
709 3234 939 3314 lautitiarumque
960 3232 1159 3294 studiosissia

133 3332 209 3374 mum
228 3311 308 3374 multi
328 3313 532 3394 prodiderunt:
555 3317 651 3380 villam
669 3320 698 3378 in
719 3318 925 3380 Nemorensis
945 3317 1138 3380 fundamentis

134 3398 297 3460 inchoatam
322 3416 486 3480 magnoque
511 3411 624 3483 sumptu
653 3403 831 3480 absolutam,
857 3402 923 3482 quia
946 3419 1004 3465 non
1023 3410 1086 3464 tota
1102 3401 1137 3464 ad

135 3486 256 3544 animum
281 3483 310 3544 ei
329 3484 523 3550 responderat
566 3497 647 3542 :neam
671 3487 804 3542 turnino,
831 3504 1001 3568 quamquam
1020 3495 1139 3549 tenuem
