2286 3862
91 190 154 253 264
281 146 289 161 ⁰
344 196 374 245 o.
390 192 581 244 suuuouuus
597 189 843 251 renueremus

50 370 85 424 15
156 354 304 430 Lenaeus,
326 352 425 430 blagui
439 351 560 430 Pompei
581 347 703 409 libertus
722 354 752 409 et
768 363 846 427 pene
864 344 998 409 omnium
1017 367 1107 431 expe·

95 441 233 501 ditionum
249 451 363 514 comes,
386 435 523 495 defuncto
544 451 580 493 eo
599 431 724 511 filiisque
741 431 805 491 elus
820 430 929 493 sobole
942 450 977 493 se
993 442 1107 496 susten-

94 525 178 592 tauit;
195 520 350 599 docuitque
367 521 395 579 in
412 518 524 579 Carinis
545 516 581 578 ad
597 514 738 592 Telluris,
758 517 860 594 inqua
878 516 1007 595 regione
1019 516 1106 581 Pom·

96 609 227 688 peiorum
243 603 344 664 domus
359 605 469 679 iuerat,
492 620 529 662 ac
544 610 623 662 tauto
643 616 743 662 amore
763 616 836 677 erga
857 601 970 679 paboni
987 619 1103 662 memo-

94 694 165 753 riam
182 691 291 766 extitit,
308 698 337 748 nt
351 687 518 747 Sallustium
532 686 717 761 historicum,
738 682 818 761 quod
832 700 901 745 eum
917 682 978 745 erle
990 685 1096 765 probi,
1112 716 1127 754 e

96 776 198 837 culmo
220 771 426 833 inverecundo
447 770 633 851 scripsisset,
662 767 852 829 acerbissima
871 776 974 845 satyra
987 766 1094 830 lacera·

95 861 184 935 verit,
200 856 375 916 loetourum
390 862 419 916 et
436 856 592 918 truaconem
606 858 637 913 et
657 851 840 914 nebulonem
855 850 1103 933 paetanamque

96 940 262 1023 appellans,
282 946 312 1001 et
325 940 393 1001 cito
406 939 592 1019 scriptisque
614 944 835 1014 monstratore,
850 942 1030 1017 prcetoeeo
1042 939 1105 1017 pri-

96 1043 219 1088 scorum
232 1023 421 1104 Catonisque
435 1023 599 1085 verborum
612 1019 886 1084 immeditatem
895 1019 1016 1101 femme.
1041 1020 1106 1083 'lra-

97 1111 171 1171 ditur
189 1118 283 1170 antem
301 1127 374 1187 puer
390 1108 484 1168 adhuc
503 1107 626 1167 Athenis
645 1114 813 1186 surreptus,
834 1104 990 1184 relegisse
1010 1107 1043 1167 in
1062 1124 1133 1186 pau

95 1196 195 1268 triam,
212 1195 420 1271 perceptisque
435 1191 604 1252 liberalibus
619 1190 796 1271 disciplinis,
820 1191 947 1270 pretium
966 1208 1055 1252 ouum
1067 1208 1102 1251 re

96 1276 213 1352 tulisse,
239 1294 339 1335 verum
362 1275 399 1336 ob
424 1278 571 1354 ingenium
592 1285 679 1356 atque
702 1274 862 1336 doctrinam
886 1274 988 1353 gratis
1014 1294 1105 1337 manu·

96 1378 211 1421 missus.

54 1460 89 1518 16
162 1445 198 1519 Q.
211 1441 359 1505 Caecilius
369 1444 508 1525 Epirota,
528 1445 757 1520 insaniretis,
781 1442 904 1504 libertus
915 1442 1017 1505 Attici
1035 1446 1105 1523 equi

97 1532 134 1590 tis
157 1529 296 1607 llomaui,
318 1529 355 1589 ad
377 1548 462 1608 quem
483 1538 548 1590 suut
568 1529 720 1590 Ciceronis
743 1526 906 1607 epistolae,
932 1544 1005 1589 cum
1028 1528 1129 1591 iliano

97 1616 214 1694 patroni
231 1622 347 1694 nuptam
364 1614 402 1674 ll.
420 1614 573 1694 Agrippae
587 1614 724 1690 doceret,
750 1620 905 1697 suus-peetus
921 1612 952 1673 ln
971 1630 1012 1675 ea
1027 1622 1057 1674 et
1075 1611 1108 1675 oh

80 1697 170 1775 ,intpp¹¹
187 1708 330 1783 remotus,
362 1698 398 1759 etl
422 1697 589 1760 Cornelium
614 1698 726 1760 Gallum
754 1716 787 1757 se
822 1696 948 1758 contulit
982 1684 1108 1777 vixitque

98 1799 153 1843 uua
170 1781 411 1860 familiarissime,
435 1782 513 1863 quod
531 1785 589 1862 ipsi
604 1781 688 1845 Gallo
703 1785 779 1842 iuter
798 1780 978 1860 gratissime
997 1784 1109 1845 crimim

98 1866 134 1926 ab
147 1865 280 1944 Augusto
299 1866 444 1928 obiicitur.
479 1868 551 1928 l’ost
571 1866 674 1927 deiude
694 1867 906 1927 damnationem
926 1874 1108 1947 mortemque

100 1949 174 2011 Galli
186 1949 318 2011 scholam
329 1954 457 2031 aperuit,
470 1951 571 2013 sedita
585 1962 615 2012 ut
629 1952 732 2032 paucis
747 1959 777 2011 et
790 1959 898 2011 tantum
913 1948 1135 2013 adulescenti-²⁴

99 2033 154 2093 bus
166 2036 368 2113 praeciperet,
384 2045 569 2115 praetextato
586 2037 709 2113 nemini,
724 2036 778 2096 nisi
792 2037 819 2095 si
833 2034 916 2094 cuiue
927 2036 1049 2115 parenti
1058 2034 1110 2095 hoc

100 2116 227 2177 cilicium
239 2136 349 2196 negare
361 2136 418 2179 non
433 2130 545 2200 posset.
574 2120 683 2180 Primus
694 2120 798 2181 dieitur
808 2117 910 2179 hatiue
923 2136 966 2179 ex
979 2128 1110 2199 tempore

100 2201 279 2281 disputasse,
302 2205 469 2283 primusque
480 2204 636 2282 Virgilium
652 2212 681 2265 et
697 2203 772 2265 elios
793 2211 898 2283 poetes
914 2219 1018 2265 novos
1032 2221 1109 2283 prae

99 2285 203 2363 legere
219 2288 373 2366 coepisse,
388 2289 467 2368 quod
481 2290 567 2349 etiam
577 2288 694 2349 Domitii
708 2288 797 2349 blansi
809 2286 980 2348 versiculus
992 2287 1110 2350 indicat:

313 2378 446 2448 Epirota,
462 2379 621 2434 tecetlorum
639 2378 779 2433 nutricula
792 2381 894 2433 cotum.
1117 2389 1135 2429 o

57 2461 91 2518 17
162 2457 201 2518 Μ.
224 2458 345 2517 Verrius
366 2456 492 2518 Flaccus
521 2457 671 2518 libertinus
696 2455 819 2517 docendi
848 2473 962 2534 genere
990 2458 1112 2519 mammo

102 2543 213 2602 claruit.
247 2539 379 2618 Namque
395 2541 430 2601 ad
447 2542 633 2603 exercitanda
648 2542 818 2602 discentium
837 2539 957 2618 ingenia
972 2542 1112 2621 aequales

99 2627 175 2686 iuter
196 2642 229 2683 se
251 2625 431 2685 committere
458 2625 587 2704 solebat,
615 2626 768 2707 proposita
790 2641 850 2684 non
876 2623 972 2684 solnm
992 2626 1113 2687 materia

101 2727 185 2788 quam
200 2708 379 2785 seriberent,
393 2709 445 2770 sed
458 2718 488 2770 et
500 2710 629 2789 praemio
644 2709 723 2790 quod
734 2710 829 2770 victor
841 2708 982 2769 auferret.
1006 2707 1042 2769 ld
1053 2716 1113 2769 errt

100 2792 175 2852 liber
191 2792 295 2870 aliquis
312 2793 460 2874 antiquus,
476 2793 598 2874 pulcher
613 2803 662 2855 aut
675 2795 778 2856 rarior.
810 2794 908 2868 Quare
923 2790 960 2853 alt
976 2791 1137 2873 Augustos

5 2944 16 2957 ῃ
101 2893 217 2955 quoque
232 2877 389 2955 nepotibus
404 2880 465 2938 eius
477 2887 656 2958 praeceptor
666 2879 795 2955 electus,
806 2877 919 2939 transiit
929 2876 960 2936 lu
971 2874 1113 2939 Palatium

101 2978 165 3020 oum
181 2968 242 3020 tota
257 2961 376 3041 schola,
398 2981 498 3023 verum
521 2972 551 3023 ut
573 2981 610 3023 ue
632 2982 717 3043 quem
739 2961 861 3041 amplius
883 2958 1013 3040 posthac
1028 2959 1113 3021 disei-

100 3045 198 3124 pulum
215 3046 377 3124 reciperem
399 3047 555 3126 docuitque
576 3049 605 3107 in
629 3049 702 3108 atrio
718 3045 869 3108 Catulinae
892 3044 1012 3123 (lomus,
1040 3060 1114 3125 quae

101 3147 169 3206 pars
186 3128 293 3189 Palatii
303 3137 371 3190 tuno
389 3141 468 3208 eret,
484 3141 514 3192 et
532 3141 655 3192 centena
670 3132 807 3193 sestertia
823 3131 852 3189 iu
866 3146 970 3190 annum
987 3128 1114 3211 accepit

100 3211 238 3273 Decessit
259 3216 361 3274 aetatis
386 3224 508 3277 exactae
529 3215 582 3277 sub
597 3215 725 3278 Tiberio.
764 3214 893 3275 Statuam
911 3210 1004 3273 habet
1022 3212 1141 3275 Praeti

101 3305 199 3373 ueste,
220 3299 249 3356 in
270 3300 421 3378 superlore
441 3301 498 3361 iori
513 3310 596 3380 parte
615 3303 692 3361 circa
710 3297 928 3374 hemicyclium,
949 3298 980 3356 in
996 3314 1059 3376 quo
1074 3296 1116 3359 ia·

101 3387 165 3440 stne
179 3398 197 3441 a
211 3400 243 3441 se
260 3384 408 3445 ordinatos
424 3394 454 3444 et
469 3401 632 3445 marmoreo
651 3386 754 3465 parieti
769 3382 879 3443 incisos
894 3379 1075 3461 publicarat.

165 3464 195 3525 L.
209 3464 386 3546 Crassicius,
399 3486 511 3546 genere
523 3469 705 3546 Tarentinus,
719 3467 827 3528 ordinis
839 3465 985 3546 libertini,
1004 3482 1115 3545 cogno·
