2334 3870
95 176 157 241 300
372 177 404 227 c.
426 174 592 225 sunroun
612 171 834 233 nmuoumrn

96 360 164 406 rans
185 338 362 419 impietatem
384 332 440 394 sibi
455 329 532 411 apud
547 328 721 409 parricidam
734 327 894 409 principem
914 330 1117 408 profuturum.

96 428 255 505 Impetrato
276 430 371 481 autern
391 419 493 478 mortis
513 413 633 475 arbitrio
653 410 751 472 libero
775 410 925 475 codicillos
940 414 982 475 ad
998 428 1118 495 patrem

98 506 281 587 corrigendis
307 503 476 585 quibusdam
499 499 634 559 versibus
655 497 715 558 suis
736 496 884 577 exaurit,
909 497 1116 582 epulumque

97 595 222 673 largiter
246 589 365 650 brachia
384 587 421 647 ad
443 582 586 645 secandas
608 599 699 642 venas
719 579 860 660 praebuit
879 580 999 643 medico.
1029 584 1112 646 Poe-

97 688 176 740 mata
196 677 258 737 eius
282 676 365 734 etiam
391 669 524 750 praelegi
543 668 676 741 memini,
706 666 815 727 conhci
836 682 910 728 vero
926 684 962 729 uc
979 671 1131 749 proponis

98 761 213 823 venalia
230 776 287 819 non
300 765 407 817 tantum
422 770 553 832 operose
570 762 600 813 et
615 751 774 829 diligenter
786 750 842 812 sed
865 753 968 833 inepte
983 770 1102 833 qnoque.

99 846 191 908 Hanc
203 844 298 904 citam
314 839 401 901 initio
413 837 562 915 coctilem,
580 853 661 919 quae
673 842 704 896 in
717 834 881 897 mombis
890 832 1016 899 Mousti
1025 837 1109 900 libris

42 955 45 961 ·
97 934 225 1076 ἓφαςζια
237 933 282 1072 ets
278 922 507 1071 athorrtibooo
518 940 551 1066 ql
556 931 647 1065 ,14771
655 920 740 982 edito
754 926 813 997 ast,
823 919 956 1000 primus
965 918 1114 1003 Iosephus

124 1033 142 1075 c
177 1030 242 1093 sper
283 1030 321 1073 ue
334 1028 399 1072 ooo
412 1025 481 1070 esse
494 1027 528 1068 tu
550 1023 655 1068 rcum.

168 1109 335 1163 luvenalis
350 1108 428 1158 vitem
441 1106 605 1157 omittendam
617 1105 746 1165 dummus,
760 1118 820 1155 cnm
833 1120 869 1157 ne
880 1106 995 1174 potuisse
1005 1104 1098 1171 quidem
1109 1110 1132 1152 to

36 1184 39 1191 '
99 1177 261 1243 Tranquillus
275 1191 321 1241 per
335 1183 444 1225 aetatem
454 1175 571 1224 videatur
583 1176 615 1225 de
627 1189 657 1225 eo
670 1182 747 1240 poeta
757 1189 846 1241 agere.

96 1244 369 1365 bucelleereizflumibm
387 1243 573 1293 historicis
597 1243 767 1307 Hieronymus
790 1258 806 1293 e
833 1242 966 1297 Suetonio
988 1243 1103 1310 excerpsit

163 1394 318 1457 Cornelius
329 1395 432 1477 Nepos
447 1397 575 1477 scriptor
587 1397 743 1458 historiens
757 1395 855 1458 clarus
867 1395 1109 1459 habeturu.715.

164 1483 318 1544 Sallustius
336 1480 458 1562 Crispus
473 1483 601 1563 scriptor
614 1482 770 1543 historicus
786 1481 815 1541 in
831 1480 956 1543 Sabinis
973 1482 1109 1543 Amiterni
1117 1502 1136 1543 u

99 1570 227 1629 nascitur
252 1583 282 1627 o.
307 1574 376 1629 668.
400 1574 458 1629 669
477 1613 484 1627 .
503 1612 536 1626 ..
560 1566 714 1628 Sallustius
736 1565 812 1626 diem
829 1565 906 1626 obiit
922 1566 1111 1646 quadriennio

99 1661 166 1712 ante
182 1651 334 1712 Actiacum
350 1650 459 1711 bellurn
473 1669 503 1713 a.
522 1658 585 1712 719.

162 1734 290 1798 Messala
314 1734 457 1796 Corvinus
481 1735 719 1796 oratornascitur
743 1744 773 1795 et
794 1733 827 1794 Τ.
844 1732 946 1795 livius
959 1734 1112 1798 Patruinus

99 1824 227 1901 scriptor
248 1820 404 1880 historicus
424 1836 454 1880 o.
479 1826 638 1881 695-697
654 1862 661 1877 .
680 1864 713 1879 ..
744 1817 777 1878 T.
799 1817 897 1880 livius
918 1818 1112 1899 historiogra-

98 1905 172 1984 phus
187 1904 295 1964 Patavii
311 1904 430 1963 moritur
447 1920 476 1963 u.
489 1911 557 1965 770.
1120 1924 1143 1965 ao

161 1986 330 2047 Fenestella
356 1987 540 2049 historiarum
564 1988 692 2066 scriptor
714 1998 743 2049 et
766 1988 924 2050 carminum
952 1998 1112 2070 septuage-

97 2073 171 2131 simo
187 2087 260 2132 anno
276 2073 396 2133 moritur
413 2072 615 2153 sepeliturque
630 2070 728 2134 Gumis
749 2091 779 2135 a.
804 2079 873 2133 772.

163 2175 199 2251 Q.
217 2174 363 2237 Asconius
383 2176 527 2238 Pedianus
547 2175 676 2255 scriptor
685 2175 841 2236 historicus
859 2172 959 2235 clarus
975 2174 1111 2253 habetur,

100 2263 149 2340 qui
170 2263 388 2342 septuagesimo
409 2263 496 2323 tertio
518 2261 621 2321 aetatis
644 2278 715 2321 suae
736 2276 811 2322 anno
830 2265 935 2338 captus
957 2257 1111 2321 luminibus

100 2346 253 2408 duodecim
269 2357 374 2426 postea
389 2348 459 2407 vixit
472 2363 562 2406 annos
577 2347 606 2404 in
621 2362 730 2405 summo
756 2345 867 2406 honore
892 2344 1021 2405 omnium
1043 2362 1142 2407 oon-ts

101 2448 262 2492 senescens
278 2448 308 2492 a.
327 2439 395 2494 828.
411 2438 477 2492 829.

165 2531 272 2591 Plinius
287 2532 439 2593 Secundus
461 2530 694 2592 Novocomensis
717 2538 817 2591 orator
842 2536 871 2589 et
888 2527 1052 2591 historicus
1072 2528 1110 2589 in·

99 2614 190 2689 signis
205 2614 338 2690 hahetur,
357 2617 439 2675 cuius
452 2616 574 2694 plurima
587 2615 695 2691 ingenii
706 2632 798 2693 opera
813 2621 920 2674 extem.
944 2612 1041 2675 Periit
1049 2614 1109 2675 duu

96 2697 164 2753 risit
179 2694 337 2756 Vesuvium
361 2716 391 2758 o.
414 2706 620 2760 Sco-8⁶2.
649 2743 657 2758 .
682 2741 689 2755 .
712 2699 778 2759 Vita
800 2698 883 2758 Plinii
906 2714 945 2758 ex
971 2698 1111 2777 catalogo

97 2779 233 2839 Virorum
248 2779 401 2842 illustrium
413 2781 581 2861 Tranquilli.
614 2781 721 2842 Plinius
734 2783 886 2844 Secundus
902 2780 1142 2844 Novocomensu

99 2864 139 2925 sis
163 2862 348 2942 equestribus
368 2868 475 2928 militiis
498 2866 637 2927 industrie
653 2866 769 2929 iunctus
791 2866 1018 2947 procurationes
1040 2884 1111 2947 qno·

100 2968 156 3029 que
184 2946 434 3026 splendidissimas
461 2961 491 3013 et
517 2952 667 3012 continuas
693 2970 803 3014 summa
828 2952 998 3030 integritate
1021 2950 1111 3013 admi·

99 3035 247 3110 nistravit,
270 3041 299 3092 et
323 3042 421 3097 tamen
444 3036 613 3099 liberalibus
636 3039 738 3100 studiis
756 3046 862 3100 tantam
880 3052 1003 3116 operam
1017 3035 1111 3111 dedit,

101 3128 133 3178 ut
162 3137 218 3179 non
237 3128 347 3179 temere
374 3123 438 3200 quis
465 3123 549 3201 plura
571 3124 600 3183 in
621 3124 680 3183 otio
709 3121 871 3202 scripserit.
905 3120 1009 3199 ltaque
1030 3119 1111 3182 bellu

100 3206 210 3279 omnia,
228 3222 302 3283 quae
326 3223 450 3285 uuquam
475 3225 539 3267 cum
565 3207 712 3268 Germanis
733 3216 818 3286 gesta
834 3215 915 3281 sunt,
941 3202 1008 3266 XX.
1023 3204 1145 3269 volu-tt

98 3288 222 3349 minibus
245 3289 479 3369 comprehendit,
500 3293 628 3371 itemque
644 3292 781 3353 naturalis
796 3292 936 3352 historiae
957 3287 1109 3351 XXXVII.

98 3368 190 3432 libros
218 3372 354 3436 absolvit.
398 3375 488 3438 Periit
509 3375 592 3436 clade
615 3373 804 3455 Campaniam
841 3393 906 3437 cnm
927 3372 1003 3434 enim
1019 3370 1111 3435 blisc-

99 3471 170 3510 aqna
205 3457 294 3510 classi
322 3470 473 3522 praeessu
507 3468 526 3501 *t
544 3458 679 3516 unp-anre
720 3459 886 3513 'esnbinad
909 3456 1111 3538 “plorandus
