2334 3870
100 235 160 298 196
200 245 230 293 ο.
243 243 394 292 suuuour
410 239 538 299 ranno.
553 240 601 286 nu
615 238 701 286 mua
716 237 904 288 censam
918 242 994 292 nra.
1007 245 1058 296 va.

100 401 154 464 det
161 397 198 462 ἐν
210 408 279 471 τοῖς
290 389 455 469 τοιούτοις
469 432 507 442 -
520 386 580 475 ἄγε
592 393 701 475 ἔγειρε
711 384 869 456 ceassiu!
886 395 1015 476 lamque
1028 404 1109 479 equi·

100 497 147 548 tes
159 482 446 565 appropinquabant,
464 480 567 562 quihus
586 488 780 558 praeceptum
796 486 857 540 erat
872 488 902 541 ut
917 482 1020 541 vivum
1041 502 1109 545 eum

102 570 298 633 adtraherent.
322 565 408 642 Quod
419 575 450 626 ut
461 567 563 643 sensit,
575 563 758 644 trepidanter
770 564 886 625 effatus:

146 644 277 715 Ἵππων
286 645 315 732 μ’
331 641 519 713 ὠκυπόδων
531 639 616 730 ἀμφὶ
627 640 755 720 κτύπος
766 637 871 711 οὔατα
890 640 1004 729 βάλλει
1015 684 1057 696 -

102 742 212 803 ferrum
223 737 323 814 iugulo
337 735 445 814 adegit,
463 738 578 796 iuvante
594 732 799 813 Epaphrodito
817 752 835 795 a
850 732 966 795 libellis.
990 735 1123 795 Semina

102 824 245 901 nimisque
259 821 352 881 adhuc
364 823 535 900 irrumpenti
549 819 709 879 centurioni
722 826 752 878 et
762 818 889 897 paenula
902 817 1105 880 adruluusad·

102 907 199 987 posita
217 906 247 965 iu
269 906 405 966 auxilium
423 924 456 966 se
473 906 592 965 venisse
610 902 752 964 simulanti
773 920 834 963 non
856 902 935 965 aliud
957 903 1111 983 respondit

103 1010 189 1073 quam
198 989 298 1052 Sero!
310 1000 340 1050 et
349 989 438 1052 Haec
448 997 496 1050 est
503 989 602 1067 fides!
623 988 720 1066 Atque
731 988 761 1046 in
772 1005 808 1048 ea
825 1004 904 1048 voce
921 987 1049 1067 deiecit,
1061 1007 1110 1049 em

103 1077 230 1140 lantibus
242 1074 462 1153 rigentibusque
476 1074 570 1132 oeulis
581 1071 722 1152 usquead
737 1071 894 1132 horrorem
911 1072 1110 1133 formidinem-

104 1179 161 1238 que
180 1160 342 1233 risentium.
383 1157 460 1217 Nihil
477 1159 557 1236 prius
577 1166 625 1217 aut
640 1157 735 1234 magis
754 1174 770 1217 a
790 1155 945 1218 comitibus
966 1166 1110 1237 exegerat
1118 1181 1139 1221 n

104 1261 189 1321 quam
206 1260 243 1301 ue
267 1250 400 1320 potestas
419 1243 551 1321 cuiquam
571 1242 675 1321 capitis
696 1241 740 1300 sui
757 1241 860 1319 lieret,
882 1241 936 1302 sed
950 1251 1110 1323 utquoqno

102 1326 190 1387 modo
203 1334 282 1386 totus
301 1335 488 1386 cremaretur.
510 1325 644 1387 Permisit
660 1325 719 1386 hoc
729 1324 838 1403 Icelus,
850 1324 964 1388 Galbae
976 1326 1109 1404 libertus,

104 1426 164 1472 non
175 1410 265 1470 multo
279 1420 345 1470 aute
364 1411 488 1471 vinculis
501 1413 654 1489 exolutus,
672 1413 701 1469 in
713 1427 788 1488 quae
800 1412 894 1489 primo
906 1411 1032 1472 tumultu
1045 1428 1108 1473 con·

106 1497 202 1556 iectus
217 1496 320 1555 iuerat.
1166 1486 1167 1508 ¹

63 1585 99 1638 50
168 1580 330 1640 Funeratus
344 1590 389 1639 est
402 1582 535 1660 impensa
546 1581 735 1640 ducentorum
745 1579 868 1656 milium,
883 1579 1026 1659 stragulis
1039 1578 1108 1640 albis
1117 1606 1137 1647 u

107 1683 178 1726 auro
197 1664 329 1739 intextis,
349 1666 452 1742 quibus
463 1683 531 1724 usus
549 1664 596 1725 lll.
613 1664 672 1725 lan.
685 1664 791 1725 iuerat.
820 1664 976 1743 Reliquias
995 1662 1109 1741 Ecloge

107 1760 137 1810 et
148 1747 325 1810 Alexandria
338 1752 465 1809 nutrices
477 1768 540 1809 cum
546 1749 622 1809 Acte
636 1748 798 1810 concubina
809 1747 1108 1826 gentiliDomitiorum

107 1837 283 1894 monimento
297 1832 498 1910 condiderunt,
512 1834 590 1911 quod
603 1834 781 1913 prospicitur
791 1852 810 1893 e
822 1850 927 1912 campo
939 1832 1048 1895 hlartio
1061 1834 1106 1891 im·

106 1921 233 1997 positum
245 1916 315 1976 colli
325 1915 523 1977 Hortulorum.
546 1916 579 1977 lu
592 1935 628 1977 eo
641 1918 818 1978 monimento
831 1916 936 1978 solium
947 1916 1103 1998 porphyre

106 2003 158 2145 ticp
171 2003 332 2144 mppmoris,
345 2010 527 2081 superstante
539 2001 664 2063 Lunensi
676 2020 741 2081 ara,
762 2002 993 2082 circumseptum
1011 2008 1055 2062 est
1065 1998 1136 2060 lam

129 2103 176 2144 re
232 2102 304 2145 asro.

65 2103 127 2234 alp
175 2172 290 2230 Statura
304 2169 357 2230 luit
367 2185 462 2250 prope
474 2173 559 2249 iusta,
574 2187 702 2252 corpore
714 2169 1035 2248 maculosoetiaetido,
1047 2168 1109 2230 suh·

108 2256 185 2317 llavo
197 2253 317 2333 capillo,
331 2254 412 2315 vultu
424 2256 548 2334 pulchro
557 2259 652 2334 magis
664 2274 748 2334 quam
758 2264 894 2331 venusto,
907 2254 1007 2315 oculis
1017 2253 1112 2333 eaesis

109 2349 139 2400 et
150 2339 367 2416 hebetioribus,
384 2343 502 2401 cervice
520 2340 625 2417 obesa,
643 2349 746 2400 ventre
764 2341 917 2420 proiecto,
939 2338 1112 2417 gracillimis

109 2423 252 2500 eruribus,
265 2423 422 2484 valitudine
434 2443 579 2504 prospera
587 2425 722 2504 (namqui
732 2425 862 2485 luxuriae
874 2423 1137 2487 immoderationi-at

108 2526 172 2568 mae
186 2515 275 2585 esset,
291 2516 336 2567 ter
349 2511 464 2569 omuino
477 2527 531 2588 per
545 2510 773 2589 quattuordecim
786 2526 877 2571 annos
890 2508 1014 2589 languit,
1025 2518 1111 2589 atque

107 2595 147 2652 ita
154 2602 184 2651 ut
195 2609 292 2671 neque
299 2592 368 2652 vino
377 2611 474 2673 neque
484 2592 692 2654 cousuetudine
703 2594 817 2675 reliqua
825 2593 987 2655 abstineret
994 2592 1021 2673 3)
1033 2594 1112 2655 circa

109 2676 216 2736 cultum
227 2674 411 2754 habitumque
425 2676 499 2739 adeo
512 2677 680 2756 pudendus,
698 2689 729 2738 ut
744 2697 855 2740 comam
872 2696 992 2758 semper
1003 2676 1033 2738 in
1045 2694 1110 2757 gra·

109 2760 161 2820 dus
178 2761 329 2821 formatam
352 2762 590 2840 peregrinatione
613 2763 744 2824 Achaica
763 2766 848 2824 etiam
865 2780 944 2842 pone
969 2762 1111 2824 verticem

109 2844 289 2919 summiserit,
304 2865 338 2906 ac
352 2845 531 2925 plerumque,
548 2847 743 2922 synthesinam
753 2848 882 2925 indutus,
895 2847 989 2927 ligato
1003 2848 1139 2908 circumeo

109 2927 215 2990 collum
235 2926 352 2990 sudario
374 2929 515 3010 prodierit
537 2933 566 2992 in
584 2932 732 3012 publicum
757 2935 819 3004 sine
841 2933 938 2994 cinctu
959 2940 990 2993 et
1007 2928 1111 2993 discal-

109 3016 209 3073 ciatus.

66 3102 101 3155 tta
169 3095 311 3157 Liberalis
323 3099 494 3179 disciplinas
507 3104 600 3162 omnis
610 3103 674 3164 iere
687 3123 760 3183 puer
772 3103 875 3181 attigit.
905 3102 965 3162 Sed
981 3120 999 3162 a
1016 3100 1110 3183 philo·

108 3180 213 3259 sophia
230 3199 295 3242 eum
306 3192 399 3244 mater
408 3188 521 3264 avertit,
534 3188 1110 3269 monensimperaturoeontrariameme3

108 3267 307 3343 acognitione
320 3278 449 3329 veterum
468 3282 615 3333 oratorum
633 3274 747 3350 Seneca
765 3280 953 3353 praeceptor,
972 3288 1033 3351 quo
1050 3270 1141 3335 din-tt

116 3348 164 3406 ius
177 3352 206 3410 in
219 3351 408 3414 admiratione
425 3355 468 3414 sui
482 3355 635 3417 detineret.
655 3358 758 3439 ltaque
775 3358 811 3419 ad
830 3358 976 3436 poeticam
987 3374 1110 3435 pronus,

110 3434 237 3497 carmina
248 3436 373 3500 libenter
384 3457 420 3500 ac
432 3440 495 3500 sirm
506 3441 606 3488 isba-⁶
624 3445 783 3505 composuit
798 3460 852 3488 m
885 3451 917 3503 ut
930 3439 1045 3522 quidam
1059 3458 1110 3521 ptr·

118 3529 172 3580 tant,
194 3521 511 3572 dianus-nauteam...
600 3546 650 3572 ,sff-
699 3546 787 3576 mn„
808 3563 824 3572 „,
861 3544 930 3576 rm
951 3524 1110 3588 qnqnlqm
