<?xml version="1.0" encoding="UTF-8"?>
<!DOCTYPE html PUBLIC "-//W3C//DTD XHTML 1.0 Transitional//EN"
    "http://www.w3.org/TR/xhtml1/DTD/xhtml1-transitional.dtd">
<html xmlns="http://www.w3.org/1999/xhtml" xml:lang="en" lang="en">
 <head>
  <title>
</title>
<meta http-equiv="Content-Type" content="text/html;charset=utf-8" />
  <meta name='ocr-system' content='tesseract 3.04.00' />
  <meta name='ocr-capabilities' content='ocr_page ocr_carea ocr_par ocr_line ocrx_word'/>
</head>
<body>
  <div class='ocr_page' id='page_1' title='image "./csuetonitranqui00trangoog_0240.png"; bbox 0 0 2334 3870; ppageno 0'>
   <div class='ocr_carea' id='block_1_1' title="bbox 477 190 1095 253">
    <p class='ocr_par' dir='ltr' id='par_1_1' title="bbox 477 190 1095 253">
     <span class='ocr_line' id='line_1_1' title="bbox 477 190 1095 253; baseline -0.003 -10"><span class='ocrx_word' id='word_1_1' title='bbox 477 195 508 243; x_wconf 78' lang='lat' dir='ltr'><strong>(l.</strong></span> <span class='ocrx_word' id='word_1_2' title='bbox 530 193 715 243; x_wconf 73' lang='lat' dir='ltr'>CALIGULA.</span> <span class='ocrx_word' id='word_1_3' title='bbox 1036 190 1095 253; x_wconf 78' lang='grc'><strong>129</strong></span> 
     </span>
    </p>
   </div>
   <div class='ocr_carea' id='block_1_2' title="bbox 99 343 1097 512">
    <p class='ocr_par' dir='ltr' id='par_1_2' title="bbox 99 343 1097 512">
     <span class='ocr_line' id='line_1_2' title="bbox 99 343 1097 434; baseline 0.009 -26"><span class='ocrx_word' id='word_1_4' title='bbox 99 349 162 408; x_wconf 89' lang='lat' dir='ltr'><strong>sine</strong></span> <span class='ocrx_word' id='word_1_5' title='bbox 176 348 285 428; x_wconf 89' lang='lat' dir='ltr'><strong>iurgiis.</strong></span> <span class='ocrx_word' id='word_1_6' title='bbox 328 349 400 411; x_wconf 88' lang='lat' dir='ltr'><strong>Nam</strong></span> <span class='ocrx_word' id='word_1_7' title='bbox 416 368 475 410; x_wconf 85' lang='lat' dir='ltr'><strong>vox</strong></span> <span class='ocrx_word' id='word_1_8' title='bbox 496 350 690 410; x_wconf 90' lang='lat' dir='ltr'><strong>comminantis</strong></span> <span class='ocrx_word' id='word_1_9' title='bbox 709 349 804 412; x_wconf 88' lang='lat' dir='ltr'><strong>audita</strong></span> <span class='ocrx_word' id='word_1_10' title='bbox 823 343 940 414; x_wconf 82' lang='lat' dir='ltr'><strong>est:’‘H</strong></span> <span class='ocrx_word' id='word_1_11' title='bbox 954 344 989 434; x_wconf 83' lang='grc' dir='ltr'><strong>μ’</strong></span> <span class='ocrx_word' id='word_1_12' title='bbox 1010 343 1097 416; x_wconf 79' lang='lat' dir='ltr'><strong>civoi-</strong></span> 
     </span>
     <span class='ocr_line' id='line_1_3' title="bbox 100 419 1095 512; baseline 0.008 -20"><span class='ocrx_word' id='word_1_13' title='bbox 100 420 173 512; x_wconf 79' lang='lat' dir='ltr'><strong>aep&#39;,</strong></span> <span class='ocrx_word' id='word_1_14' title='bbox 194 419 296 512; x_wconf 62' lang='lat' dir='ltr'><strong>ddunt</strong></span> <span class='ocrx_word' id='word_1_15' title='bbox 314 429 367 495; x_wconf 81' lang='grc' dir='ltr'><strong>σέ·</strong></span> <span class='ocrx_word' id='word_1_16' title='bbox 396 434 490 494; x_wconf 89' lang='lat' dir='ltr'><strong>donec</strong></span> <span class='ocrx_word' id='word_1_17' title='bbox 511 442 663 511; x_wconf 85' lang='lat' dir='ltr'><strong>exoratus,</strong></span> <span class='ocrx_word' id='word_1_18' title='bbox 689 442 720 494; x_wconf 91' lang='lat' dir='ltr'><strong>ut</strong></span> <span class='ocrx_word' id='word_1_19' title='bbox 742 435 905 512; x_wconf 81' lang='lat' dir='ltr'><strong>referebat,</strong></span> <span class='ocrx_word' id='word_1_20' title='bbox 928 447 958 499; x_wconf 85' lang='lat' dir='ltr'><strong>ct</strong></span> <span class='ocrx_word' id='word_1_21' title='bbox 977 440 1006 499; x_wconf 96' lang='lat' dir='ltr'><strong>in</strong></span> <span class='ocrx_word' id='word_1_22' title='bbox 1027 456 1095 500; x_wconf 92' lang='lat' dir='ltr'><strong>con·</strong></span> 
     </span>
    </p>
   </div>
   <div class='ocr_carea' id='block_1_3' title="bbox 31 516 1153 3607">
    <p class='ocr_par' dir='ltr' id='par_1_3' title="bbox 72 516 1098 828">
     <span class='ocr_line' id='line_1_4' title="bbox 98 516 1097 601; baseline 0.007 -26"><span class='ocrx_word' id='word_1_23' title='bbox 98 516 257 577; x_wconf 86' lang='lat' dir='ltr'><strong>tubernium</strong></span> <span class='ocrx_word' id='word_1_24' title='bbox 287 517 364 577; x_wconf 92' lang='lat' dir='ltr'><strong>ultro</strong></span> <span class='ocrx_word' id='word_1_25' title='bbox 399 518 548 595; x_wconf 85' lang='lat' dir='ltr'><strong>invitatus,</strong></span> <span class='ocrx_word' id='word_1_26' title='bbox 588 535 675 597; x_wconf 89' lang='lat' dir='ltr'><strong>super</strong></span> <span class='ocrx_word' id='word_1_27' title='bbox 705 518 843 598; x_wconf 89' lang='lat' dir='ltr'><strong>templum</strong></span> <span class='ocrx_word' id='word_1_28' title='bbox 875 519 941 578; x_wconf 88' lang='lat' dir='ltr'><strong>Diri</strong></span> <span class='ocrx_word' id='word_1_29' title='bbox 973 521 1097 601; x_wconf 76' lang='lat' dir='ltr'><strong>Augusti</strong></span> 
     </span>
     <span class='ocr_line' id='line_1_5' title="bbox 97 599 1097 683; baseline 0.005 -22"><span class='ocrx_word' id='word_1_30' title='bbox 97 609 186 678; x_wconf 92' lang='lat' dir='ltr'><strong>ponte</strong></span> <span class='ocrx_word' id='word_1_31' title='bbox 201 603 389 678; x_wconf 87' lang='lat' dir='ltr'><strong>transmisso,</strong></span> <span class='ocrx_word' id='word_1_32' title='bbox 418 600 556 663; x_wconf 87' lang='lat' dir='ltr'><strong>Palatium</strong></span> <span class='ocrx_word' id='word_1_33' title='bbox 570 599 798 682; x_wconf 72' lang='lat' dir='ltr'><strong>Capitoliumque</strong></span> <span class='ocrx_word' id='word_1_34' title='bbox 824 604 979 663; x_wconf 85' lang='lat' dir='ltr'><strong>coniunxit.</strong></span> <span class='ocrx_word' id='word_1_35' title='bbox 1015 604 1097 683; x_wconf 76' lang='lat' dir='ltr'><strong>Mox,</strong></span> 
     </span>
     <span class='ocr_line' id='line_1_6' title="bbox 72 682 1098 763; baseline 0.009 -23"><span class='ocrx_word' id='word_1_36' title='bbox 72 702 155 762; x_wconf 79' lang='lat' dir='ltr'><strong>aquo</strong></span> <span class='ocrx_word' id='word_1_37' title='bbox 180 685 302 763; x_wconf 80' lang='lat' dir='ltr'><strong>propior</strong></span> <span class='ocrx_word' id='word_1_38' title='bbox 318 694 410 762; x_wconf 87' lang='lat' dir='ltr'><strong>esset,</strong></span> <span class='ocrx_word' id='word_1_39' title='bbox 442 686 470 743; x_wconf 95' lang='lat' dir='ltr'><strong>in</strong></span> <span class='ocrx_word' id='word_1_40' title='bbox 489 703 557 745; x_wconf 89' lang='lat' dir='ltr'><strong>area</strong></span> <span class='ocrx_word' id='word_1_41' title='bbox 579 682 739 762; x_wconf 82' lang='lat' dir='ltr'><strong>Capitolina</strong></span> <span class='ocrx_word' id='word_1_42' title='bbox 761 703 855 748; x_wconf 85' lang='lat' dir='ltr'><strong>novae</strong></span> <span class='ocrx_word' id='word_1_43' title='bbox 877 685 979 747; x_wconf 90' lang='lat' dir='ltr'><strong>domus</strong></span> <span class='ocrx_word' id='word_1_44' title='bbox 1000 686 1098 749; x_wconf 86' lang='lat' dir='ltr'><strong>lunda·</strong></span> 
     </span>
     <span class='ocr_line' id='line_1_7' title="bbox 96 769 295 828; baseline 0 -2"><span class='ocrx_word' id='word_1_45' title='bbox 96 777 193 828; x_wconf 89' lang='lat' dir='ltr'><strong>menta</strong></span> <span class='ocrx_word' id='word_1_46' title='bbox 215 769 295 827; x_wconf 89' lang='lat' dir='ltr'><strong>iecit.</strong></span> 
     </span>
    </p>

    <p class='ocr_par' dir='ltr' id='par_1_4' title="bbox 96 850 1140 1098">
     <span class='ocr_line' id='line_1_8' title="bbox 160 850 1140 932; baseline 0.006 -23"><span class='ocrx_word' id='word_1_47' title='bbox 160 851 313 931; x_wconf 77' lang='lat' dir='ltr'><strong>Agrippae</strong></span> <span class='ocrx_word' id='word_1_48' title='bbox 335 869 367 913; x_wconf 89' lang='lat' dir='ltr'><strong>se</strong></span> <span class='ocrx_word' id='word_1_49' title='bbox 385 860 523 930; x_wconf 79' lang='lat' dir='ltr'><strong>nepotem</strong></span> <span class='ocrx_word' id='word_1_50' title='bbox 543 869 638 931; x_wconf 88' lang='lat' dir='ltr'><strong>neque</strong></span> <span class='ocrx_word' id='word_1_51' title='bbox 662 850 855 930; x_wconf 80' lang='lat' dir='ltr'><strong>uredineque</strong></span> <span class='ocrx_word' id='word_1_52' title='bbox 878 853 933 916; x_wconf 89' lang='lat' dir='ltr'><strong>dici</strong></span> <span class='ocrx_word' id='word_1_53' title='bbox 956 854 994 914; x_wconf 93' lang='lat' dir='ltr'><strong>ob</strong></span> <span class='ocrx_word' id='word_1_54' title='bbox 1015 855 1140 932; x_wconf 68' lang='lat' dir='ltr'><strong>igno-23</strong></span> 
     </span>
     <span class='ocr_line' id='line_1_9' title="bbox 97 933 1098 1013; baseline 0.005 -20"><span class='ocrx_word' id='word_1_55' title='bbox 97 933 235 995; x_wconf 90' lang='lat' dir='ltr'><strong>bilitatem</strong></span> <span class='ocrx_word' id='word_1_56' title='bbox 259 936 320 995; x_wconf 90' lang='lat' dir='ltr'><strong>eius</strong></span> <span class='ocrx_word' id='word_1_57' title='bbox 340 934 473 1013; x_wconf 85' lang='lat' dir='ltr'><strong>volebat,</strong></span> <span class='ocrx_word' id='word_1_58' title='bbox 496 935 758 1013; x_wconf 86' lang='lat' dir='ltr'><strong>suscensebatque,</strong></span> <span class='ocrx_word' id='word_1_59' title='bbox 786 937 811 994; x_wconf 91' lang='lat' dir='ltr'><strong>si</strong></span> <span class='ocrx_word' id='word_1_60' title='bbox 832 938 879 1012; x_wconf 91' lang='lat' dir='ltr'><strong>qui</strong></span> <span class='ocrx_word' id='word_1_61' title='bbox 899 937 947 996; x_wconf 86' lang='lat' dir='ltr'><strong>vel</strong></span> <span class='ocrx_word' id='word_1_62' title='bbox 967 939 1098 998; x_wconf 90' lang='lat' dir='ltr'><strong>oratione</strong></span> 
     </span>
     <span class='ocr_line' id='line_1_10' title="bbox 96 1017 1097 1098; baseline 0.003 -20"><span class='ocrx_word' id='word_1_63' title='bbox 96 1018 144 1078; x_wconf 89' lang='lat' dir='ltr'><strong>vel</strong></span> <span class='ocrx_word' id='word_1_64' title='bbox 166 1019 290 1080; x_wconf 84' lang='lat' dir='ltr'><strong>carmine</strong></span> <span class='ocrx_word' id='word_1_65' title='bbox 312 1019 483 1098; x_wconf 89' lang='lat' dir='ltr'><strong>imaginibus</strong></span> <span class='ocrx_word' id='word_1_66' title='bbox 505 1038 570 1080; x_wconf 92' lang='lat' dir='ltr'><strong>eum</strong></span> <span class='ocrx_word' id='word_1_67' title='bbox 592 1017 748 1080; x_wconf 78' lang='lat' dir='ltr'><strong>(laesarum</strong></span> <span class='ocrx_word' id='word_1_68' title='bbox 769 1020 940 1079; x_wconf 87' lang='lat' dir='ltr'><strong>insererent.</strong></span> <span class='ocrx_word' id='word_1_69' title='bbox 983 1019 1097 1081; x_wconf 89' lang='lat' dir='ltr'><strong>Praedi-</strong></span> 
     </span>
    </p>

    <p class='ocr_par' dir='ltr' id='par_1_5' title="bbox 60 1101 1153 1516">
     <span class='ocr_line' id='line_1_11' title="bbox 60 1101 1100 1184; baseline 0.002 -22"><span class='ocrx_word' id='word_1_70' title='bbox 60 1123 84 1163; x_wconf 82' lang='grc' dir='ltr'><strong>ιο</strong></span> <span class='ocrx_word' id='word_1_71' title='bbox 97 1103 181 1163; x_wconf 88' lang='lat' dir='ltr'><strong>cabat</strong></span> <span class='ocrx_word' id='word_1_72' title='bbox 200 1112 294 1164; x_wconf 88' lang='lat' dir='ltr'><strong>autem</strong></span> <span class='ocrx_word' id='word_1_73' title='bbox 312 1113 432 1166; x_wconf 89' lang='lat' dir='ltr'><strong>matrem</strong></span> <span class='ocrx_word' id='word_1_74' title='bbox 453 1121 532 1166; x_wconf 91' lang='lat' dir='ltr'><strong>suam</strong></span> <span class='ocrx_word' id='word_1_75' title='bbox 552 1123 590 1165; x_wconf 88' lang='lat' dir='ltr'><strong>ex</strong></span> <span class='ocrx_word' id='word_1_76' title='bbox 610 1104 740 1181; x_wconf 89' lang='lat' dir='ltr'><strong>incesto,</strong></span> <span class='ocrx_word' id='word_1_77' title='bbox 765 1101 842 1184; x_wconf 92' lang='lat' dir='ltr'><strong>quod</strong></span> <span class='ocrx_word' id='word_1_78' title='bbox 859 1103 1017 1181; x_wconf 88' lang='lat' dir='ltr'><strong>Augustus.</strong></span> <span class='ocrx_word' id='word_1_79' title='bbox 1036 1120 1100 1164; x_wconf 89' lang='lat' dir='ltr'><strong>cum</strong></span> 
     </span>
     <span class='ocr_line' id='line_1_12' title="bbox 93 1186 1153 1269; baseline 0.003 -22"><span class='ocrx_word' id='word_1_80' title='bbox 93 1186 165 1248; x_wconf 90' lang='lat' dir='ltr'><strong>Iulia</strong></span> <span class='ocrx_word' id='word_1_81' title='bbox 193 1187 251 1249; x_wconf 89' lang='lat' dir='ltr'><strong>iilia</strong></span> <span class='ocrx_word' id='word_1_82' title='bbox 281 1187 458 1266; x_wconf 79' lang='lat' dir='ltr'><strong>admisisset,</strong></span> <span class='ocrx_word' id='word_1_83' title='bbox 489 1197 687 1269; x_wconf 66' lang='lat' dir='ltr'><strong>procreatam</strong></span> <span class='ocrx_word' id='word_1_84' title='bbox 716 1206 752 1249; x_wconf 89' lang='lat' dir='ltr'><strong>ac</strong></span> <span class='ocrx_word' id='word_1_85' title='bbox 781 1205 839 1248; x_wconf 92' lang='lat' dir='ltr'><strong>nou</strong></span> <span class='ocrx_word' id='word_1_86' title='bbox 868 1195 1020 1249; x_wconf 90' lang='lat' dir='ltr'><strong>contentus</strong></span> <span class='ocrx_word' id='word_1_87' title='bbox 1044 1187 1099 1250; x_wconf 89' lang='lat' dir='ltr'><strong>bac</strong></span> <span class='ocrx_word' id='word_1_88' title='bbox 1146 1257 1153 1269; x_wconf 53' lang='grc'><em>,</em></span> 
     </span>
     <span class='ocr_line' id='line_1_13' title="bbox 94 1272 1098 1353; baseline 0.003 -22"><span class='ocrx_word' id='word_1_89' title='bbox 94 1272 220 1348; x_wconf 75' lang='lat' dir='ltr'><strong>Augusti</strong></span> <span class='ocrx_word' id='word_1_90' title='bbox 241 1273 451 1350; x_wconf 91' lang='lat' dir='ltr'><strong>insectatione,</strong></span> <span class='ocrx_word' id='word_1_91' title='bbox 477 1273 613 1335; x_wconf 88' lang='lat' dir='ltr'><strong>Actiacas</strong></span> <span class='ocrx_word' id='word_1_92' title='bbox 638 1274 808 1353; x_wconf 89' lang='lat' dir='ltr'><strong>Siculasque</strong></span> <span class='ocrx_word' id='word_1_93' title='bbox 829 1273 986 1352; x_wconf 84' lang='lat' dir='ltr'><strong>victorias,</strong></span> <span class='ocrx_word' id='word_1_94' title='bbox 1010 1281 1041 1332; x_wconf 90' lang='lat' dir='ltr'><strong>ut</strong></span> <span class='ocrx_word' id='word_1_95' title='bbox 1054 1272 1098 1334; x_wconf 87' lang='lat' dir='ltr'><strong>iu·</strong></span> 
     </span>
     <span class='ocr_line' id='line_1_14' title="bbox 94 1355 1097 1431; baseline 0.001 -16"><span class='ocrx_word' id='word_1_96' title='bbox 94 1365 193 1415; x_wconf 85' lang='lat' dir='ltr'><strong>nestas</strong></span> <span class='ocrx_word' id='word_1_97' title='bbox 213 1355 247 1415; x_wconf 79' lang='grc' dir='ltr'><strong>Ρ.</strong></span> <span class='ocrx_word' id='word_1_98' title='bbox 262 1357 299 1416; x_wconf 80' lang='lat' dir='ltr'><strong>li.</strong></span> <span class='ocrx_word' id='word_1_99' title='bbox 320 1365 350 1414; x_wconf 93' lang='lat' dir='ltr'><strong>et</strong></span> <span class='ocrx_word' id='word_1_100' title='bbox 374 1356 573 1431; x_wconf 87' lang='lat' dir='ltr'><strong>calamitosas,</strong></span> <span class='ocrx_word' id='word_1_101' title='bbox 601 1359 692 1416; x_wconf 85' lang='lat' dir='ltr'><strong>vetuit</strong></span> <span class='ocrx_word' id='word_1_102' title='bbox 709 1357 898 1417; x_wconf 88' lang='lat' dir='ltr'><strong>sollemnibus</strong></span> <span class='ocrx_word' id='word_1_103' title='bbox 919 1358 1000 1418; x_wconf 81' lang='lat' dir='ltr'><strong>feriis</strong></span> <span class='ocrx_word' id='word_1_104' title='bbox 1020 1355 1097 1417; x_wconf 89' lang='lat' dir='ltr'><strong>cele·</strong></span> 
     </span>
     <span class='ocr_line' id='line_1_15' title="bbox 97 1437 1098 1516; baseline -0.003 -18"><span class='ocrx_word' id='word_1_105' title='bbox 97 1439 186 1498; x_wconf 92' lang='lat' dir='ltr'><strong>brari.</strong></span> <span class='ocrx_word' id='word_1_106' title='bbox 230 1437 337 1498; x_wconf 87' lang='lat' dir='ltr'><strong>Liviam</strong></span> <span class='ocrx_word' id='word_1_107' title='bbox 354 1439 514 1514; x_wconf 84' lang='lat' dir='ltr'><strong>Augustam</strong></span> <span class='ocrx_word' id='word_1_108' title='bbox 537 1440 700 1516; x_wconf 86' lang='lat' dir='ltr'><strong>proaviam,</strong></span> <span class='ocrx_word' id='word_1_109' title='bbox 729 1439 845 1498; x_wconf 88' lang='lat' dir='ltr'><strong>Ulixem</strong></span> <span class='ocrx_word' id='word_1_110' title='bbox 869 1439 1004 1499; x_wconf 87' lang='lat' dir='ltr'><strong>stolatum</strong></span> <span class='ocrx_word' id='word_1_111' title='bbox 1018 1438 1098 1497; x_wconf 89' lang='lat' dir='ltr'><strong>iden·</strong></span> 
     </span>
    </p>

    <p class='ocr_par' dir='ltr' id='par_1_6' title="bbox 63 1517 1101 1684">
     <span class='ocr_line' id='line_1_16' title="bbox 63 1517 1101 1601; baseline -0.004 -20"><span class='ocrx_word' id='word_1_112' title='bbox 63 1521 187 1581; x_wconf 70' lang='lat' dir='ltr'><strong>nunidem</strong></span> <span class='ocrx_word' id='word_1_113' title='bbox 217 1521 385 1601; x_wconf 89' lang='lat' dir='ltr'><strong>appellans,</strong></span> <span class='ocrx_word' id='word_1_114' title='bbox 424 1520 508 1580; x_wconf 87' lang='lat' dir='ltr'><strong>etiam</strong></span> <span class='ocrx_word' id='word_1_115' title='bbox 535 1519 722 1598; x_wconf 82' lang='lat' dir='ltr'><strong>ignobilitatis</strong></span> <span class='ocrx_word' id='word_1_116' title='bbox 754 1520 874 1597; x_wconf 89' lang='lat' dir='ltr'><strong>quadarn</strong></span> <span class='ocrx_word' id='word_1_117' title='bbox 905 1519 939 1578; x_wconf 88' lang='lat' dir='ltr'><strong>ad</strong></span> <span class='ocrx_word' id='word_1_118' title='bbox 972 1517 1101 1578; x_wconf 88' lang='lat' dir='ltr'><strong>senatum</strong></span> 
     </span>
     <span class='ocr_line' id='line_1_17' title="bbox 99 1601 1101 1684; baseline -0.004 -19"><span class='ocrx_word' id='word_1_119' title='bbox 99 1605 223 1684; x_wconf 90' lang='lat' dir='ltr'><strong>epistula</strong></span> <span class='ocrx_word' id='word_1_120' title='bbox 254 1622 378 1683; x_wconf 83' lang='lat' dir='ltr'><strong>arguere</strong></span> <span class='ocrx_word' id='word_1_121' title='bbox 410 1622 497 1666; x_wconf 89' lang='lat' dir='ltr'><strong>ausus</strong></span> <span class='ocrx_word' id='word_1_122' title='bbox 523 1613 581 1682; x_wconf 90' lang='lat' dir='ltr'><strong>est,</strong></span> <span class='ocrx_word' id='word_1_123' title='bbox 609 1605 691 1683; x_wconf 90' lang='lat' dir='ltr'><strong>quasi</strong></span> <span class='ocrx_word' id='word_1_124' title='bbox 717 1610 847 1663; x_wconf 88' lang='lat' dir='ltr'><strong>materno</strong></span> <span class='ocrx_word' id='word_1_125' title='bbox 869 1620 923 1664; x_wconf 90' lang='lat' dir='ltr'><strong>avo</strong></span> <span class='ocrx_word' id='word_1_126' title='bbox 945 1601 1101 1662; x_wconf 83' lang='lat' dir='ltr'><strong>decurione</strong></span> 
     </span>
    </p>

    <p class='ocr_par' dir='ltr' id='par_1_7' title="bbox 31 1683 1101 1939">
     <span class='ocr_line' id='line_1_18' title="bbox 31 1683 1100 1769; baseline -0.006 -19"><span class='ocrx_word' id='word_1_127' title='bbox 31 1722 34 1727; x_wconf 36' lang='lat' dir='ltr'>v</span> <span class='ocrx_word' id='word_1_128' title='bbox 96 1689 235 1750; x_wconf 85' lang='lat' dir='ltr'><strong>Fundano</strong></span> <span class='ocrx_word' id='word_1_129' title='bbox 253 1699 357 1761; x_wconf 90' lang='lat' dir='ltr'><strong>ortam;</strong></span> <span class='ocrx_word' id='word_1_130' title='bbox 384 1709 447 1750; x_wconf 89' lang='lat' dir='ltr'><strong>cum</strong></span> <span class='ocrx_word' id='word_1_131' title='bbox 469 1689 593 1769; x_wconf 90' lang='lat' dir='ltr'><strong>publicis</strong></span> <span class='ocrx_word' id='word_1_132' title='bbox 611 1689 800 1749; x_wconf 87' lang='lat' dir='ltr'><strong>monumentis</strong></span> <span class='ocrx_word' id='word_1_133' title='bbox 822 1695 931 1748; x_wconf 90' lang='lat' dir='ltr'><strong>certum</strong></span> <span class='ocrx_word' id='word_1_134' title='bbox 946 1686 999 1762; x_wconf 91' lang='lat' dir='ltr'><strong>sit,</strong></span> <span class='ocrx_word' id='word_1_135' title='bbox 1023 1683 1100 1745; x_wconf 90' lang='lat' dir='ltr'><strong>Anii-</strong></span> 
     </span>
     <span class='ocr_line' id='line_1_19' title="bbox 96 1768 1101 1839; baseline -0.007 -5"><span class='ocrx_word' id='word_1_136' title='bbox 96 1775 172 1834; x_wconf 87' lang='lat' dir='ltr'><strong>dium</strong></span> <span class='ocrx_word' id='word_1_137' title='bbox 186 1773 346 1839; x_wconf 79' lang='lat' dir='ltr'><strong>Lurconem</strong></span> <span class='ocrx_word' id='word_1_138' title='bbox 367 1776 477 1836; x_wconf 87' lang='lat' dir='ltr'><strong>Romae</strong></span> <span class='ocrx_word' id='word_1_139' title='bbox 498 1774 656 1836; x_wconf 89' lang='lat' dir='ltr'><strong>honoribus</strong></span> <span class='ocrx_word' id='word_1_140' title='bbox 676 1774 813 1835; x_wconf 87' lang='lat' dir='ltr'><strong>iunctum.</strong></span> <span class='ocrx_word' id='word_1_141' title='bbox 844 1771 937 1831; x_wconf 87' lang='lat' dir='ltr'><strong>Aviae</strong></span> <span class='ocrx_word' id='word_1_142' title='bbox 959 1768 1101 1829; x_wconf 88' lang='lat' dir='ltr'><strong>Antoniae</strong></span> 
     </span>
     <span class='ocr_line' id='line_1_20' title="bbox 97 1856 1100 1939; baseline -0.007 -20"><span class='ocrx_word' id='word_1_143' title='bbox 97 1867 240 1919; x_wconf 89' lang='lat' dir='ltr'><strong>secretum</strong></span> <span class='ocrx_word' id='word_1_144' title='bbox 257 1859 365 1939; x_wconf 92' lang='lat' dir='ltr'><strong>petenti</strong></span> <span class='ocrx_word' id='word_1_145' title='bbox 382 1859 554 1937; x_wconf 83' lang='lat' dir='ltr'><strong>denegavit,</strong></span> <span class='ocrx_word' id='word_1_146' title='bbox 580 1859 634 1919; x_wconf 90' lang='lat' dir='ltr'><strong>nisi</strong></span> <span class='ocrx_word' id='word_1_147' title='bbox 649 1866 680 1919; x_wconf 92' lang='lat' dir='ltr'><strong>nt</strong></span> <span class='ocrx_word' id='word_1_148' title='bbox 696 1856 885 1919; x_wconf 85' lang='lat' dir='ltr'><strong>interveniret</strong></span> <span class='ocrx_word' id='word_1_149' title='bbox 898 1856 998 1917; x_wconf 87' lang='lat' dir='ltr'><strong>Macro</strong></span> <span class='ocrx_word' id='word_1_150' title='bbox 1016 1869 1100 1932; x_wconf 85' lang='lat' dir='ltr'><strong>prae·</strong></span> 
     </span>
    </p>

    <p class='ocr_par' dir='ltr' id='par_1_8' title="bbox 62 1939 1101 2358">
     <span class='ocr_line' id='line_1_21' title="bbox 62 1939 1101 2023; baseline -0.003 -22"><span class='ocrx_word' id='word_1_151' title='bbox 62 1944 210 2019; x_wconf 70' lang='lat' dir='ltr'><strong>soleatus,</strong></span> <span class='ocrx_word' id='word_1_152' title='bbox 243 1961 278 2003; x_wconf 89' lang='lat' dir='ltr'><strong>ac</strong></span> <span class='ocrx_word' id='word_1_153' title='bbox 296 1962 350 2023; x_wconf 88' lang='lat' dir='ltr'><strong>per</strong></span> <span class='ocrx_word' id='word_1_154' title='bbox 368 1944 450 2004; x_wconf 87' lang='lat' dir='ltr'><strong>istius</strong></span> <span class='ocrx_word' id='word_1_155' title='bbox 470 1943 546 2003; x_wconf 89' lang='lat' dir='ltr'><strong>modi</strong></span> <span class='ocrx_word' id='word_1_156' title='bbox 567 1943 752 2021; x_wconf 86' lang='lat' dir='ltr'><strong>indignitates</strong></span> <span class='ocrx_word' id='word_1_157' title='bbox 774 1952 803 2002; x_wconf 90' lang='lat' dir='ltr'><strong>et</strong></span> <span class='ocrx_word' id='word_1_158' title='bbox 826 1939 922 2001; x_wconf 89' lang='lat' dir='ltr'><strong>taedia</strong></span> <span class='ocrx_word' id='word_1_159' title='bbox 945 1955 1031 2001; x_wconf 90' lang='lat' dir='ltr'><strong>cansa</strong></span> <span class='ocrx_word' id='word_1_160' title='bbox 1051 1953 1101 1998; x_wconf 85' lang='lat' dir='ltr'><strong>ex·</strong></span> 
     </span>
     <span class='ocr_line' id='line_1_22' title="bbox 96 2024 1099 2107; baseline -0.004 -21"><span class='ocrx_word' id='word_1_161' title='bbox 96 2027 151 2086; x_wconf 91' lang='lat' dir='ltr'><strong>titit</strong></span> <span class='ocrx_word' id='word_1_162' title='bbox 180 2029 299 2105; x_wconf 88' lang='lat' dir='ltr'><strong>mortis,</strong></span> <span class='ocrx_word' id='word_1_163' title='bbox 329 2024 395 2088; x_wconf 91' lang='lat' dir='ltr'><strong>dato</strong></span> <span class='ocrx_word' id='word_1_164' title='bbox 427 2036 534 2104; x_wconf 86' lang='lat' dir='ltr'><strong>tamen,</strong></span> <span class='ocrx_word' id='word_1_165' title='bbox 567 2037 598 2087; x_wconf 89' lang='lat' dir='ltr'><strong>ut</strong></span> <span class='ocrx_word' id='word_1_166' title='bbox 625 2027 738 2107; x_wconf 92' lang='lat' dir='ltr'><strong>quidam</strong></span> <span class='ocrx_word' id='word_1_167' title='bbox 770 2034 883 2106; x_wconf 92' lang='lat' dir='ltr'><strong>putant,</strong></span> <span class='ocrx_word' id='word_1_168' title='bbox 911 2034 940 2086; x_wconf 89' lang='lat' dir='ltr'><strong>et</strong></span> <span class='ocrx_word' id='word_1_169' title='bbox 968 2037 1099 2092; x_wconf 85' lang='lat' dir='ltr'><strong>veneno;</strong></span> 
     </span>
     <span class='ocr_line' id='line_1_23' title="bbox 96 2106 1100 2190; baseline -0.002 -20"><span class='ocrx_word' id='word_1_170' title='bbox 96 2129 151 2170; x_wconf 96' lang='lat' dir='ltr'><strong>nec</strong></span> <span class='ocrx_word' id='word_1_171' title='bbox 171 2109 326 2171; x_wconf 87' lang='lat' dir='ltr'><strong>deiunctae</strong></span> <span class='ocrx_word' id='word_1_172' title='bbox 351 2110 437 2171; x_wconf 91' lang='lat' dir='ltr'><strong>ullum</strong></span> <span class='ocrx_word' id='word_1_173' title='bbox 466 2110 605 2172; x_wconf 88' lang='lat' dir='ltr'><strong>bonorem</strong></span> <span class='ocrx_word' id='word_1_174' title='bbox 632 2111 747 2188; x_wconf 89' lang='lat' dir='ltr'><strong>babuit,</strong></span> <span class='ocrx_word' id='word_1_175' title='bbox 780 2111 989 2190; x_wconf 80' lang='lat' dir='ltr'><strong>prospexitque</strong></span> <span class='ocrx_word' id='word_1_176' title='bbox 1013 2126 1030 2169; x_wconf 87' lang='lat' dir='ltr'><strong>e</strong></span> <span class='ocrx_word' id='word_1_177' title='bbox 1052 2106 1100 2167; x_wconf 92' lang='lat' dir='ltr'><strong>tri·</strong></span> 
     </span>
     <span class='ocr_line' id='line_1_24' title="bbox 97 2193 1100 2272; baseline -0.006 -17"><span class='ocrx_word' id='word_1_178' title='bbox 97 2194 184 2255; x_wconf 90' lang='lat' dir='ltr'><strong>clinio</strong></span> <span class='ocrx_word' id='word_1_179' title='bbox 217 2195 366 2255; x_wconf 85' lang='lat' dir='ltr'><strong>ardentem</strong></span> <span class='ocrx_word' id='word_1_180' title='bbox 399 2212 511 2272; x_wconf 90' lang='lat' dir='ltr'><strong>rogum.</strong></span> <span class='ocrx_word' id='word_1_181' title='bbox 556 2195 686 2255; x_wconf 83' lang='lat' dir='ltr'><strong>Fratrem</strong></span> <span class='ocrx_word' id='word_1_182' title='bbox 718 2194 865 2255; x_wconf 82' lang='lat' dir='ltr'><strong>Tiberium</strong></span> <span class='ocrx_word' id='word_1_183' title='bbox 895 2193 1100 2271; x_wconf 84' lang='lat' dir='ltr'><strong>inopinantem,</strong></span> 
     </span>
     <span class='ocr_line' id='line_1_25' title="bbox 97 2274 1101 2358; baseline -0.008 -19"><span class='ocrx_word' id='word_1_184' title='bbox 97 2288 220 2358; x_wconf 87' lang='lat' dir='ltr'><strong>repente</strong></span> <span class='ocrx_word' id='word_1_185' title='bbox 243 2280 371 2340; x_wconf 90' lang='lat' dir='ltr'><strong>immisso</strong></span> <span class='ocrx_word' id='word_1_186' title='bbox 392 2279 506 2340; x_wconf 90' lang='lat' dir='ltr'><strong>tribuno</strong></span> <span class='ocrx_word' id='word_1_187' title='bbox 535 2279 669 2355; x_wconf 91' lang='lat' dir='ltr'><strong>militum,</strong></span> <span class='ocrx_word' id='word_1_188' title='bbox 697 2280 856 2348; x_wconf 76' lang='lat' dir='ltr'><strong>interemit:</strong></span> <span class='ocrx_word' id='word_1_189' title='bbox 887 2278 1013 2339; x_wconf 89' lang='lat' dir='ltr'><strong>Silanum</strong></span> <span class='ocrx_word' id='word_1_190' title='bbox 1034 2274 1101 2333; x_wconf 88' lang='lat' dir='ltr'><strong>item</strong></span> 
     </span>
    </p>

    <p class='ocr_par' dir='ltr' id='par_1_9' title="bbox 59 2355 1102 2782">
     <span class='ocr_line' id='line_1_26' title="bbox 59 2355 1101 2442; baseline -0.01 -16"><span class='ocrx_word' id='word_1_191' title='bbox 59 2380 233 2426; x_wconf 80' lang='lat' dir='ltr'><strong>msoccrum</strong></span> <span class='ocrx_word' id='word_1_192' title='bbox 252 2363 289 2425; x_wconf 91' lang='lat' dir='ltr'><strong>ad</strong></span> <span class='ocrx_word' id='word_1_193' title='bbox 310 2382 412 2424; x_wconf 89' lang='lat' dir='ltr'><strong>necem</strong></span> <span class='ocrx_word' id='word_1_194' title='bbox 432 2362 637 2442; x_wconf 80' lang='lat' dir='ltr'><strong>secandasque</strong></span> <span class='ocrx_word' id='word_1_195' title='bbox 659 2363 801 2425; x_wconf 87' lang='lat' dir='ltr'><strong>novacula</strong></span> <span class='ocrx_word' id='word_1_196' title='bbox 826 2364 928 2425; x_wconf 86' lang='lat' dir='ltr'><strong>lauces</strong></span> <span class='ocrx_word' id='word_1_197' title='bbox 950 2355 1101 2437; x_wconf 88' lang='lat' dir='ltr'><strong>compulit:</strong></span> 
     </span>
     <span class='ocr_line' id='line_1_27' title="bbox 97 2447 1102 2529; baseline -0.009 -20"><span class='ocrx_word' id='word_1_198' title='bbox 97 2457 230 2509; x_wconf 91' lang='lat' dir='ltr'><strong>causatus</strong></span> <span class='ocrx_word' id='word_1_199' title='bbox 252 2449 435 2528; x_wconf 81' lang='lat' dir='ltr'><strong>inutraque,</strong></span> <span class='ocrx_word' id='word_1_200' title='bbox 468 2447 545 2529; x_wconf 90' lang='lat' dir='ltr'><strong>quod</strong></span> <span class='ocrx_word' id='word_1_201' title='bbox 565 2447 612 2507; x_wconf 85' lang='lat' dir='ltr'><strong>liic</strong></span> <span class='ocrx_word' id='word_1_202' title='bbox 635 2447 798 2527; x_wconf 90' lang='lat' dir='ltr'><strong>ingressum</strong></span> <span class='ocrx_word' id='word_1_203' title='bbox 815 2466 849 2509; x_wconf 89' lang='lat' dir='ltr'><strong>se</strong></span> <span class='ocrx_word' id='word_1_204' title='bbox 866 2447 1006 2508; x_wconf 89' lang='lat' dir='ltr'><strong>turbatius</strong></span> <span class='ocrx_word' id='word_1_205' title='bbox 1022 2457 1102 2502; x_wconf 84' lang='lat' dir='ltr'><strong>mars</strong></span> 
     </span>
     <span class='ocr_line' id='line_1_28' title="bbox 96 2527 1102 2612; baseline -0.01 -18"><span class='ocrx_word' id='word_1_206' title='bbox 96 2548 153 2594; x_wconf 93' lang='lat' dir='ltr'><strong>non</strong></span> <span class='ocrx_word' id='word_1_207' title='bbox 169 2541 249 2593; x_wconf 88' lang='lat' dir='ltr'><strong>esset</strong></span> <span class='ocrx_word' id='word_1_208' title='bbox 263 2541 379 2594; x_wconf 87' lang='lat' dir='ltr'><strong>secutus</strong></span> <span class='ocrx_word' id='word_1_209' title='bbox 394 2550 429 2594; x_wconf 89' lang='lat' dir='ltr'><strong>ac</strong></span> <span class='ocrx_word' id='word_1_210' title='bbox 445 2550 499 2612; x_wconf 86' lang='lat' dir='ltr'><strong>spe</strong></span> <span class='ocrx_word' id='word_1_211' title='bbox 515 2531 678 2612; x_wconf 91' lang='lat' dir='ltr'><strong>occupandi</strong></span> <span class='ocrx_word' id='word_1_212' title='bbox 699 2532 816 2610; x_wconf 91' lang='lat' dir='ltr'><strong>urbem,</strong></span> <span class='ocrx_word' id='word_1_213' title='bbox 847 2532 872 2592; x_wconf 86' lang='lat' dir='ltr'><strong>si</strong></span> <span class='ocrx_word' id='word_1_214' title='bbox 893 2528 962 2611; x_wconf 93' lang='lat' dir='ltr'><strong>quid</strong></span> <span class='ocrx_word' id='word_1_215' title='bbox 978 2527 1032 2589; x_wconf 90' lang='lat' dir='ltr'><strong>sibi</strong></span> <span class='ocrx_word' id='word_1_216' title='bbox 1048 2543 1102 2606; x_wconf 89' lang='lat' dir='ltr'><strong>per</strong></span> 
     </span>
     <span class='ocr_line' id='line_1_29' title="bbox 95 2611 1100 2697; baseline -0.006 -21"><span class='ocrx_word' id='word_1_217' title='bbox 95 2624 285 2697; x_wconf 88' lang='lat' dir='ltr'><strong>tempestates</strong></span> <span class='ocrx_word' id='word_1_218' title='bbox 309 2616 472 2695; x_wconf 86' lang='lat' dir='ltr'><strong>acciderat,</strong></span> <span class='ocrx_word' id='word_1_219' title='bbox 494 2619 696 2687; x_wconf 80' lang='lat' dir='ltr'><strong>remansisset:</strong></span> <span class='ocrx_word' id='word_1_220' title='bbox 722 2616 774 2677; x_wconf 87' lang='lat' dir='ltr'><strong>ille</strong></span> <span class='ocrx_word' id='word_1_221' title='bbox 795 2614 950 2677; x_wconf 91' lang='lat' dir='ltr'><strong>antidotum</strong></span> <span class='ocrx_word' id='word_1_222' title='bbox 972 2611 1100 2675; x_wconf 89' lang='lat' dir='ltr'><strong>oboluis-</strong></span> 
     </span>
     <span class='ocr_line' id='line_1_30' title="bbox 96 2701 1100 2782; baseline -0.006 -21"><span class='ocrx_word' id='word_1_223' title='bbox 96 2710 156 2779; x_wconf 93' lang='lat' dir='ltr'><strong>set,</strong></span> <span class='ocrx_word' id='word_1_224' title='bbox 186 2702 267 2782; x_wconf 91' lang='lat' dir='ltr'><strong>quasi</strong></span> <span class='ocrx_word' id='word_1_225' title='bbox 290 2701 326 2762; x_wconf 91' lang='lat' dir='ltr'><strong>ad</strong></span> <span class='ocrx_word' id='word_1_226' title='bbox 348 2701 552 2782; x_wconf 84' lang='lat' dir='ltr'><strong>praecavenda</strong></span> <span class='ocrx_word' id='word_1_227' title='bbox 579 2720 692 2763; x_wconf 82' lang='lat' dir='ltr'><strong>venena</strong></span> <span class='ocrx_word' id='word_1_228' title='bbox 718 2719 769 2762; x_wconf 90' lang='lat' dir='ltr'><strong>sna</strong></span> <span class='ocrx_word' id='word_1_229' title='bbox 794 2709 951 2780; x_wconf 85' lang='lat' dir='ltr'><strong>sumptum;</strong></span> <span class='ocrx_word' id='word_1_230' title='bbox 983 2715 1045 2759; x_wconf 92' lang='lat' dir='ltr'><strong>cum</strong></span> <span class='ocrx_word' id='word_1_231' title='bbox 1071 2702 1100 2755; x_wconf 85' lang='lat' dir='ltr'><strong>et</strong></span> 
     </span>
    </p>

    <p class='ocr_par' dir='ltr' id='par_1_10' title="bbox 57 2777 1148 3101">
     <span class='ocr_line' id='line_1_31' title="bbox 57 2777 1100 2866; baseline -0.008 -19"><span class='ocrx_word' id='word_1_232' title='bbox 57 2785 211 2852; x_wconf 78' lang='lat' dir='ltr'><strong>soSilanns</strong></span> <span class='ocrx_word' id='word_1_233' title='bbox 241 2788 436 2866; x_wconf 90' lang='lat' dir='ltr'><strong>inpatientiam</strong></span> <span class='ocrx_word' id='word_1_234' title='bbox 465 2804 592 2849; x_wconf 85' lang='lat' dir='ltr'><strong>nauseae</strong></span> <span class='ocrx_word' id='word_1_235' title='bbox 620 2787 742 2858; x_wconf 81' lang='lat' dir='ltr'><strong>vitasset</strong></span> <span class='ocrx_word' id='word_1_236' title='bbox 770 2795 800 2846; x_wconf 89' lang='lat' dir='ltr'><strong>et</strong></span> <span class='ocrx_word' id='word_1_237' title='bbox 829 2783 993 2846; x_wconf 88' lang='lat' dir='ltr'><strong>molestiam</strong></span> <span class='ocrx_word' id='word_1_238' title='bbox 1021 2777 1100 2840; x_wconf 84' lang='lat' dir='ltr'><strong>nari·</strong></span> 
     </span>
     <span class='ocr_line' id='line_1_32' title="bbox 95 2869 1099 2952; baseline -0.008 -23"><span class='ocrx_word' id='word_1_239' title='bbox 95 2869 197 2949; x_wconf 90' lang='lat' dir='ltr'><strong>gandi,</strong></span> <span class='ocrx_word' id='word_1_240' title='bbox 228 2880 259 2931; x_wconf 89' lang='lat' dir='ltr'><strong>et</strong></span> <span class='ocrx_word' id='word_1_241' title='bbox 272 2871 404 2933; x_wconf 81' lang='lat' dir='ltr'><strong>Tiberius</strong></span> <span class='ocrx_word' id='word_1_242' title='bbox 429 2881 552 2952; x_wconf 91' lang='lat' dir='ltr'><strong>propter</strong></span> <span class='ocrx_word' id='word_1_243' title='bbox 568 2870 709 2933; x_wconf 89' lang='lat' dir='ltr'><strong>assiduam</strong></span> <span class='ocrx_word' id='word_1_244' title='bbox 725 2877 754 2930; x_wconf 89' lang='lat' dir='ltr'><strong>et</strong></span> <span class='ocrx_word' id='word_1_245' title='bbox 775 2871 1029 2947; x_wconf 85' lang='lat' dir='ltr'><strong>ingravescentem</strong></span> <span class='ocrx_word' id='word_1_246' title='bbox 1042 2871 1099 2922; x_wconf 87' lang='lat' dir='ltr'><strong>tus·</strong></span> 
     </span>
     <span class='ocr_line' id='line_1_33' title="bbox 95 2952 1148 3032; baseline -0.008 -19"><span class='ocrx_word' id='word_1_247' title='bbox 95 2953 150 3014; x_wconf 89' lang='lat' dir='ltr'><strong>sim</strong></span> <span class='ocrx_word' id='word_1_248' title='bbox 164 2954 372 3016; x_wconf 87' lang='lat' dir='ltr'><strong>medicamento</strong></span> <span class='ocrx_word' id='word_1_249' title='bbox 392 2974 462 3016; x_wconf 90' lang='lat' dir='ltr'><strong>usus</strong></span> <span class='ocrx_word' id='word_1_250' title='bbox 487 2964 576 3018; x_wconf 86' lang='lat' dir='ltr'><strong>esset.</strong></span> <span class='ocrx_word' id='word_1_251' title='bbox 620 2954 693 3016; x_wconf 87' lang='lat' dir='ltr'><strong>Nam</strong></span> <span class='ocrx_word' id='word_1_252' title='bbox 712 2952 860 3015; x_wconf 83' lang='lat' dir='ltr'><strong>claudium</strong></span> <span class='ocrx_word' id='word_1_253' title='bbox 877 2959 1008 3032; x_wconf 88' lang='lat' dir='ltr'><strong>patruum</strong></span> <span class='ocrx_word' id='word_1_254' title='bbox 1028 2962 1099 3007; x_wconf 94' lang='lat' dir='ltr'><strong>non·</strong></span> <span class='ocrx_word' id='word_1_255' title='bbox 1146 2994 1148 2997; x_wconf 58' lang='grc'>,</span> 
     </span>
     <span class='ocr_line' id='line_1_34' title="bbox 94 3038 551 3101; baseline 0 -3"><span class='ocrx_word' id='word_1_256' title='bbox 94 3038 150 3098; x_wconf 90' lang='lat' dir='ltr'><strong>nisi</strong></span> <span class='ocrx_word' id='word_1_257' title='bbox 167 3039 197 3098; x_wconf 92' lang='lat' dir='ltr'><strong>in</strong></span> <span class='ocrx_word' id='word_1_258' title='bbox 213 3038 364 3099; x_wconf 89' lang='lat' dir='ltr'><strong>ludibrium</strong></span> <span class='ocrx_word' id='word_1_259' title='bbox 379 3040 551 3101; x_wconf 87' lang='lat' dir='ltr'><strong>reservavit.</strong></span> 
     </span>
    </p>

    <p class='ocr_par' dir='ltr' id='par_1_11' title="bbox 159 3111 1143 3198">
     <span class='ocr_line' id='line_1_35' title="bbox 159 3111 1143 3198; baseline -0.005 -14"><span class='ocrx_word' id='word_1_260' title='bbox 159 3119 229 3184; x_wconf 78' lang='lat' dir='ltr'><strong>(lum</strong></span> <span class='ocrx_word' id='word_1_261' title='bbox 250 3124 381 3185; x_wconf 90' lang='lat' dir='ltr'><strong>omnibus</strong></span> <span class='ocrx_word' id='word_1_262' title='bbox 405 3123 556 3185; x_wconf 91' lang='lat' dir='ltr'><strong>sororibus</strong></span> <span class='ocrx_word' id='word_1_263' title='bbox 575 3125 633 3186; x_wconf 91' lang='lat' dir='ltr'><strong>suis</strong></span> <span class='ocrx_word' id='word_1_264' title='bbox 657 3122 892 3185; x_wconf 86' lang='lat' dir='ltr'><strong>consuetudinem</strong></span> <span class='ocrx_word' id='word_1_265' title='bbox 910 3115 1001 3198; x_wconf 90' lang='lat' dir='ltr'><strong>stupri</strong></span> <span class='ocrx_word' id='word_1_266' title='bbox 1017 3111 1143 3179; x_wconf 53' lang='lat' dir='ltr'><strong>iecit„</strong></span> 
     </span>
    </p>

    <p class='ocr_par' dir='ltr' id='par_1_12' title="bbox 56 3197 1094 3607">
     <span class='ocr_line' id='line_1_36' title="bbox 56 3197 1094 3289; baseline -0.015 -17"><span class='ocrx_word' id='word_1_267' title='bbox 56 3203 242 3289; x_wconf 79' lang='lat' dir='ltr'><strong>ssplcnoque</strong></span> <span class='ocrx_word' id='word_1_268' title='bbox 279 3209 414 3270; x_wconf 74' lang='lat' dir='ltr'><strong>convivio</strong></span> <span class='ocrx_word' id='word_1_269' title='bbox 440 3208 569 3287; x_wconf 85' lang='lat' dir='ltr'><strong>singulas</strong></span> <span class='ocrx_word' id='word_1_270' title='bbox 596 3209 672 3270; x_wconf 87' lang='lat' dir='ltr'><strong>inira</strong></span> <span class='ocrx_word' id='word_1_271' title='bbox 701 3227 734 3270; x_wconf 88' lang='lat' dir='ltr'><strong>se</strong></span> <span class='ocrx_word' id='word_1_272' title='bbox 762 3207 889 3269; x_wconf 80' lang='lat' dir='ltr'><strong>vicissim</strong></span> <span class='ocrx_word' id='word_1_273' title='bbox 916 3197 1094 3274; x_wconf 65' lang='lat' dir='ltr'><strong>conlocabat¹</strong></span> 
     </span>
     <span class='ocr_line' id='line_1_37' title="bbox 94 3283 1094 3384; baseline -0.01 -33"><span class='ocrx_word' id='word_1_274' title='bbox 94 3307 188 3354; x_wconf 86' lang='lat' dir='ltr'><strong>uxore</strong></span> <span class='ocrx_word' id='word_1_275' title='bbox 217 3310 304 3373; x_wconf 88' lang='lat' dir='ltr'><strong>supra</strong></span> <span class='ocrx_word' id='word_1_276' title='bbox 335 3294 466 3355; x_wconf 87' lang='lat' dir='ltr'><strong>cubante.</strong></span> <span class='ocrx_word' id='word_1_277' title='bbox 510 3292 557 3354; x_wconf 81' lang='lat' dir='ltr'><strong>Ex</strong></span> <span class='ocrx_word' id='word_1_278' title='bbox 587 3295 622 3354; x_wconf 91' lang='lat' dir='ltr'><strong>iis</strong></span> <span class='ocrx_word' id='word_1_279' title='bbox 642 3293 797 3355; x_wconf 86' lang='lat' dir='ltr'><strong>Drusillam</strong></span> <span class='ocrx_word' id='word_1_280' title='bbox 817 3292 936 3352; x_wconf 84' lang='lat' dir='ltr'><strong>vitiasse</strong></span> <span class='ocrx_word' id='word_1_281' title='bbox 957 3283 1094 3384; x_wconf 71' lang='lat' dir='ltr'><strong>virginem</strong></span> 
     </span>
     <span class='ocr_line' id='line_1_38' title="bbox 93 3370 1092 3458; baseline -0.012 -20"><span class='ocrx_word' id='word_1_282' title='bbox 93 3385 294 3457; x_wconf 86' lang='lat' dir='ltr'><strong>praetextatus</strong></span> <span class='ocrx_word' id='word_1_283' title='bbox 323 3377 416 3440; x_wconf 90' lang='lat' dir='ltr'><strong>adbuc</strong></span> <span class='ocrx_word' id='word_1_284' title='bbox 447 3378 574 3440; x_wconf 91' lang='lat' dir='ltr'><strong>creditur</strong></span> <span class='ocrx_word' id='word_1_285' title='bbox 598 3387 683 3458; x_wconf 90' lang='lat' dir='ltr'><strong>atque</strong></span> <span class='ocrx_word' id='word_1_286' title='bbox 708 3379 793 3439; x_wconf 89' lang='lat' dir='ltr'><strong>etiam</strong></span> <span class='ocrx_word' id='word_1_287' title='bbox 814 3377 843 3436; x_wconf 94' lang='lat' dir='ltr'><strong>in</strong></span> <span class='ocrx_word' id='word_1_288' title='bbox 863 3370 1016 3435; x_wconf 89' lang='lat' dir='ltr'><strong>concubitu</strong></span> <span class='ocrx_word' id='word_1_289' title='bbox 1037 3383 1092 3428; x_wconf 75' lang='lat' dir='ltr'><strong>erut</strong></span> 
     </span>
     <span class='ocr_line' id='line_1_39' title="bbox 95 3452 1086 3554; baseline -0.002 -32"><span class='ocrx_word' id='word_1_290' title='bbox 95 3461 237 3540; x_wconf 81' lang='lat' dir='ltr'><strong>qnondam</strong></span> <span class='ocrx_word' id='word_1_291' title='bbox 260 3461 460 3542; x_wconf 88' lang='lat' dir='ltr'><strong>deprehensus</strong></span> <span class='ocrx_word' id='word_1_292' title='bbox 491 3461 527 3526; x_wconf 90' lang='lat' dir='ltr'><strong>ab</strong></span> <span class='ocrx_word' id='word_1_293' title='bbox 550 3461 670 3524; x_wconf 76' lang='lat' dir='ltr'><strong>Antonia</strong></span> <span class='ocrx_word' id='word_1_294' title='bbox 704 3461 784 3524; x_wconf 58' lang='grc' dir='ltr'><strong>ινιό,</strong></span> <span class='ocrx_word' id='word_1_295' title='bbox 814 3458 889 3520; x_wconf 79' lang='lat' dir='ltr'><strong>nrml</strong></span> <span class='ocrx_word' id='word_1_296' title='bbox 913 3471 996 3554; x_wconf 79' lang='lat' dir='ltr'><strong>quam</strong></span> <span class='ocrx_word' id='word_1_297' title='bbox 1016 3452 1086 3510; x_wconf 62' lang='lat' dir='ltr'><strong>siml</strong></span> 
     </span>
     <span class='ocr_line' id='line_1_40' title="bbox 146 3564 936 3607; baseline 0.001 -1"><span class='ocrx_word' id='word_1_298' title='bbox 146 3564 299 3607; x_wconf 82' lang='lat' dir='ltr'><strong>sunronms.</strong></span> <span class='ocrx_word' id='word_1_299' title='bbox 934 3576 936 3580; x_wconf 87' lang='grc'><em>·</em></span> 
     </span>
    </p>
   </div>
   <div class='ocr_carea' id='block_1_4' title="bbox 0 0 1178 3870">
    <p class='ocr_par' dir='ltr' id='par_1_13' title="bbox 0 0 1178 3870">
     <span class='ocr_line' id='line_1_41' title="bbox 0 0 1178 3870; baseline 0 0"><span class='ocrx_word' id='word_1_300' title='bbox 0 0 1178 3870; x_wconf 95' lang='lat' dir='ltr'><strong> </strong></span> 
     </span>
    </p>
   </div>
  </div>
 </body>
</html>
