2334 3870
432 211 538 260 mvus
560 210 687 260 muros.
1023 200 1058 262 17

125 367 274 430 coniectis
294 365 381 427 bellis
408 365 579 444 quinquiens
603 365 802 448 triumphavit,
828 374 896 447 post
919 364 1104 434 devictumot

58 454 227 534 Scipionem
252 459 355 530 quater
376 447 479 508 eodem
500 468 616 530 mense,
638 450 691 512 sed
708 452 870 512 interiectis
891 450 1007 528 diebus,
1033 460 1062 511 et

60 556 162 600 rursus
178 536 270 597 semel
288 542 356 615 post
372 541 525 612 superatos
539 534 660 615 Pompei
674 534 794 596 liberos.
829 535 952 596 Primum
966 543 996 594 et
1011 552 1060 595 ex·

60 621 298 683 cellentissimum
312 615 484 695 triumphum
499 619 559 695 egit
572 617 729 697 Gallicum,
748 628 918 699 sequentem
934 617 1061 679 Alexan-

10 696 189 780 ²odrinum,
208 701 311 763 deinde
327 701 494 776 Ponticum,
509 701 576 761 huic
590 703 752 781 proximum
768 703 949 781 Africanum,
965 703 1062 762 novis·

10 780 18 821 ¹
58 792 161 851 simum
182 786 419 864 Hispaniensem,
442 783 558 844 diverso
582 802 725 863 quemque
746 797 886 866 apparatu
907 794 937 848 et
960 787 1062 847 instm·

10 866 17 907 ¹
58 878 168 933 mento.
215 868 317 931 Gallici
334 866 469 947 triumphi
485 867 531 928 die
545 866 704 929 Velabrum
726 869 953 948 praetervehens
968 888 1063 951 paene

10 950 16 991 ¹
60 973 147 1017 curru
164 971 305 1014 excussus
320 961 380 1029 est,
397 969 452 1012 axe
468 951 614 1029 diffracto,
637 951 824 1031 ascenditque
841 952 1012 1033 Capitolium
1027 952 1065 1014 ad

10 1040 16 1079 l
58 1040 181 1115 lumina,
206 1037 394 1116 quadraginta
411 1035 573 1116 elephantis
589 1035 691 1097 dextra
713 1045 800 1115 atque
816 1037 931 1097 sinistra
946 1038 1064 1112 lychnu-

10 1124 133 1185 trochos
154 1121 345 1200 gestantibus.
390 1120 510 1181 Pontico
534 1119 679 1199 triumpho
702 1122 779 1181 inter
804 1138 931 1201 pompae
953 1119 1065 1180 fercula

10 1212 17 1255 Ι
56 1208 142 1269 trium
160 1205 313 1266 verborum
330 1204 465 1285 praetulit
479 1205 589 1266 titulum
605 1205 705 1283 veni,
723 1204 815 1285 vidi,
834 1205 906 1265 vici
928 1222 986 1265 non
1001 1211 1065 1265 acta

12 1296 17 1337 ἲ
57 1290 131 1352 belli
154 1290 381 1367 significantem,
404 1289 477 1348 sicut
499 1290 624 1364 ceteris,
648 1289 699 1350 sed
714 1290 852 1351 celeriter
867 1288 996 1350 coniecti
1012 1303 1064 1348 no·

10 1382 32 1423 ¹·
57 1385 128 1436 tam.
171 1372 327 1433 Veteranis
348 1370 515 1445 legionibus
536 1372 664 1450 praedae
685 1375 800 1433 nomine
821 1374 850 1434 in
872 1373 987 1452 pedites
1009 1373 1108 1434 sin-38

10 1450 17 1511 i
60 1455 150 1534 gulos
167 1472 255 1534 super
269 1452 335 1513 bina
351 1453 498 1530 sestertia,
517 1471 592 1530 quae
607 1454 688 1513 initio
705 1456 798 1515 civilis
813 1456 948 1515 tumultus
967 1472 1064 1514 nume·

10 1548 196 1616 patraverat,
212 1537 315 1597 vicena
331 1543 469 1615 quaterna
484 1535 560 1596 milia
572 1553 713 1595 nummum
728 1536 816 1598 dedit.
848 1536 1023 1614 Adsignavit
1038 1544 1067 1596 et

10 1638 18 1681 r
60 1639 163 1700 agros,
179 1620 305 1682 sednon
321 1619 482 1699 continuos,
500 1638 537 1680 ne
554 1620 619 1699 quis
634 1637 839 1699 possessorum
857 1619 1065 1701 expelleretur.

12 1722 19 1763 r
59 1707 176 1787 Populo
192 1713 309 1787 praeter
323 1704 458 1766 frumenti
470 1703 561 1764 denos
578 1704 693 1766 modios
711 1722 746 1766 ac
760 1704 880 1765 totidem
900 1702 959 1764 clei
975 1701 1065 1765 libras

10 1810 18 1852 r
58 1800 200 1852 trecenos
223 1807 339 1869 quoque
355 1805 502 1866 nummos,
519 1806 594 1869 qnos
613 1789 762 1870 pollicitus
774 1790 843 1850 olim
862 1798 942 1866 erat,
960 1788 1066 1848 viritim

10 1894 18 1957 p
60 1875 169 1953 divisit,
185 1883 214 1936 et
229 1871 288 1935 hoc
302 1873 424 1953 amplius
437 1882 577 1935 centenos
588 1891 643 1954 pro
657 1891 748 1934 mora.
773 1873 904 1934 Annuam
917 1874 1004 1934 etiam
1015 1871 1064 1933 ha·

15 1972 51 2016 ao
60 1946 461 2037 bitationemll‘o‘riiae’uiq'ue
477 1958 513 2018 ad
527 1957 594 2019 bina
609 1958 685 2018 milia
701 1975 858 2037 nummum,
870 1958 900 2018 in
914 1957 996 2019 ltalia
1007 1972 1066 2017 non

10 2058 19 2103 t
59 2043 135 2104 ultra
147 2042 310 2121 quingenos
323 2042 476 2101 sestertios
489 2043 608 2103 remisit.
638 2041 754 2102 Adiecit
775 2042 890 2123 epulum
911 2060 946 2102 ac
969 2040 1065 2101 visce-

10 2148 18 2191 t
60 2126 216 2202 rationem,
233 2133 263 2184 et
282 2133 348 2204 post
367 2123 588 2204 Hispaniensem
603 2127 754 2187 victoriam
772 2127 828 2187 duo
850 2125 983 2205 prandia;
1000 2142 1065 2186 nam

10 2232 19 2275 s
61 2226 125 2269 cum
136 2210 216 2289 prius
225 2224 315 2287 parce
327 2226 421 2287 neque
431 2224 486 2287 pro
495 2207 670 2270 liberalitate
681 2228 732 2270 sua
745 2210 906 2290 praebitum
915 2208 1065 2286 iudicaret,

10 2310 20 2360 r
61 2293 160 2372 quinto
173 2300 240 2373 post
255 2290 302 2352 die
318 2290 395 2352 alind
407 2291 598 2369 largissimum
614 2294 755 2372 praebuit.
787 2292 885 2355 Edidit
897 2291 1067 2372 spectacula
1074 2296 1108 2352 39

10 2392 51 2445 pas
60 2377 133 2437 varii
143 2377 277 2454 generis:
290 2393 390 2436 munus
399 2374 612 2455 gladiatorium,
623 2377 707 2438 ludos
717 2379 801 2440 etiam
810 2377 983 2455 regionatim
994 2373 1067 2434 urbe

10 2466 20 2531 t
59 2469 121 2521 tota
133 2469 162 2521 et
176 2460 290 2540 quidem
304 2478 359 2540 per
372 2461 496 2522 omnium
509 2461 670 2539 linguarum
685 2461 856 2540 histriones,
874 2461 941 2521 item
956 2459 1066 2519 circen·

10 2574 18 2615 p
60 2562 118 2622 ses,
136 2544 274 2622 atbletas,
295 2543 499 2605 naumachiam.
532 2545 652 2607 Munere
675 2546 703 2604 in
724 2546 791 2606 loro
814 2544 992 2626 depugnavit
1011 2543 1066 2605 Fu·

10 2642 19 2699 t
58 2628 120 2689 rius
135 2627 273 2708 Leptinus
289 2629 381 2710 stirpe
396 2630 543 2709 praetoria
561 2638 590 2689 et
606 2631 641 2704 Q.
659 2628 822 2710 Calpenus,
841 2637 961 2691 senator
976 2644 1065 2707 quon·

10 2724 18 2783 t
60 2712 124 2773 dam
141 2722 283 2792 actorque
299 2731 459 2774 causamm.
487 2713 655 2790 Pyrriobam
671 2713 850 2775 saltaverunt
863 2713 953 2774 Asiae
970 2711 1065 2787 Bom-

10 2795 185 2874 casulaeque
209 2797 370 2877 principum
397 2797 492 2857 liberi.
535 2797 621 2859 Ludis
646 2796 784 2859 Decimus
809 2797 948 2860 Laberius
975 2812 1066 2876 eques

10 2909 16 2951 ι
59 2880 207 2939 Romanus
221 2882 334 2941 mimum
349 2899 430 2942 sunm
446 2882 522 2959 egit,
540 2881 721 2961 donatusque
738 2882 903 2962 quingentis
924 2880 1067 2942 sestertiis

10 2972 15 3035 ι
60 2971 89 3022 et
113 2962 199 3022 anulo
222 2981 327 3041 aureo,
353 2983 465 3025 sessum
486 2966 514 3025 in
534 2966 762 3045 quattuordecim
785 2984 924 3028 escaena
941 2984 995 3045 per
1021 2981 1066 3024 or-

10 3076 14 3116 ,
61 3045 206 3106 chestram
220 3048 342 3108 transiit.
375 3046 579 3127 Circensibus,
596 3051 691 3130 spatio
710 3051 780 3110 circi
795 3049 831 3112 ab
846 3059 969 3129 utraque
984 3056 1067 3129 parte

10 3144 12 3167 =
60 3128 204 3210 producto
227 3139 256 3190 et
274 3131 420 3208 ingyrum
441 3132 544 3212 euripo
563 3132 677 3210 addito,
700 3134 856 3214 quadrigas
878 3132 1023 3211 bigasque
1039 3139 1069 3193 et

22 3231 155 3293 coequos
178 3212 355 3276 desultorios
378 3215 560 3294 agitaverunt
584 3215 757 3278 nobilissimi
774 3220 906 3279 iuvenes.
951 3216 1068 3278 'l'roiam

58 3298 127 3359 lusit
149 3306 240 3360 turma
256 3298 381 3381 duplex,
398 3299 536 3362 maiorum
552 3301 752 3382 minorumque
767 3320 934 3385 puerorum.
971 3301 1066 3362 Vena·

60 3383 155 3442 tiones
172 3383 266 3445 editae
285 3402 338 3465 per
354 3384 417 3445 dies
433 3385 574 3466 quinque,
592 3403 628 3447 ac
642 3386 799 3449 novissime
815 3405 913 3470 pugna
929 3383 1022 3447 divisa
1037 3385 1067 3445 in

59 3465 131 3535 duas
145 3467 241 3543 acies,
264 3470 419 3549 quingenis
435 3470 598 3551 peditibus,
620 3469 784 3552 elephantis
801 3472 930 3552 vicenis,
945 3470 1069 3533 tricenis

101 3569 255 3612 sosronms·
836 3555 857 3617 2
