2334 3870
412 189 518 237 ouvns
542 188 734 238 sucosque.
1030 178 1068 237 51

67 349 208 426 cepisset.
248 348 349 407 Totam
371 361 460 423 vcro,
481 353 615 424 quantum
638 343 786 423 provideri
812 342 933 404 humana
959 343 1073 403 ratione

69 435 176 512 potuit,
200 433 286 493 etiam
306 431 335 489 in
351 436 501 508 posterum
517 431 670 509 praestitit.
701 427 832 491 Publicax
844 445 935 507 opera
949 426 1072 508 plurima
1079 431 1114 485 29

69 519 206 596 extruxit,
233 535 249 575 e
274 513 377 593 quibus
399 512 447 572 vel
467 516 639 594 praecipua:
666 514 774 575 Forum
795 531 859 573 cum
880 511 952 573 aede
972 511 1072 572 llartis

68 600 194 679 Ultoris,
211 600 350 677 templum
367 596 514 675 Apollinis
529 599 558 656 iu
572 597 700 675 Palatio,
722 597 825 660 aedem
841 596 981 657 Tonantis
994 594 1073 657 lovis

40 688 93 746 ein
110 685 269 765 Capitolio.
305 682 376 742 Fori
396 681 547 741 extruendi
568 698 655 740 causa
673 682 725 742 luit
743 683 887 744 homiuum
909 689 938 740 et
953 679 1073 740 iudicio·

65 789 128 828 rum
159 764 328 842 multitudo,
361 783 435 845 quae
464 764 615 825 videbatur
638 781 697 823 nou
724 766 933 826 sufficientibus
962 762 1075 824 duobus

68 855 154 912 etiam
169 853 255 911 tertio
270 851 402 928 indigere
408 874 416 921 ;
432 851 531 929 itaque
546 848 708 909 festinatius
719 848 839 908 necdum
854 851 984 928 perfecta
999 848 1075 910 blar-

66 938 104 996 tis
126 935 199 996 aede
219 935 395 1014 publicatum
418 944 478 1012 est,
503 942 675 1011 cautumque
696 941 725 992 ut
748 935 904 1010 separatim
921 935 950 991 in
971 951 1007 994 eo
1023 950 1073 1012 pu·

65 1020 142 1079 blica
169 1019 273 1079 iudicia
301 1030 331 1079 et
347 1020 518 1079 sortitiones
538 1018 664 1077 iudicum
685 1018 799 1077 tierent.
841 1015 955 1075 Aedem
974 1016 1075 1078 blattis

30 1104 143 1165 robello
165 1104 359 1184 Philippensi,
390 1122 443 1182 pro
468 1104 578 1163 ultione
605 1110 726 1181 paterna
753 1110 910 1181 suscepto,
937 1112 1075 1174 voverat;

63 1190 157 1249 sanxit
174 1207 259 1267 ergo,
278 1199 307 1248 ut
323 1187 360 1248 de
376 1187 462 1249 bellis
478 1187 691 1266 triumphisque
704 1187 755 1247 hic
772 1187 976 1251 consuleretur
992 1184 1085 1249 sena·¹

62 1285 125 1349 tus,
145 1276 311 1351 provincias
328 1291 392 1332 cum
406 1274 529 1350 imperio
547 1274 663 1350 petituri
677 1272 746 1333 hinc
765 1271 994 1352 deducerentur,
1011 1275 1073 1353 qui-

64 1377 121 1434 que
138 1359 268 1415 victores
283 1355 443 1428 redissent,
458 1354 515 1412 huc
530 1356 654 1428 iusignia
669 1358 878 1432 triumphorum
893 1361 1073 1418 conferrent.

65 1438 218 1514 Templum
239 1435 388 1514 Apollinis
407 1437 436 1492 in
463 1452 498 1493 ea
520 1443 601 1510 parte
622 1435 770 1494 Palatinae
795 1441 896 1498 domus
925 1441 1074 1515 excitavit,

31 1548 56 1591 ιθ
69 1539 153 1600 quam
175 1519 293 1580 fulmine
318 1519 403 1577 ictam
423 1515 585 1576 desiderari
606 1534 622 1574 a
643 1514 698 1574 deo
715 1517 887 1598 haruspices
910 1522 1074 1598 pronuntia·

65 1615 144 1674 rant;
164 1603 271 1665 addidit
286 1604 418 1682 porticus
434 1620 497 1662 cum
512 1598 692 1660 bibliotheca
705 1600 805 1662 Latina
821 1603 1003 1680 Graecaque,
1017 1621 1074 1683 quo
1104 1634 1110 1725 ι

65 1690 133 1751 ioco
150 1691 205 1749 iam
221 1690 321 1749 senior
338 1705 429 1766 saepe
448 1689 535 1747 etiam
548 1686 678 1746 senatum
700 1684 800 1746 habuit
816 1687 1012 1765 decuriasque
1035 1689 1074 1746 iu-

66 1775 159 1834 dicum
174 1775 359 1852 recognorit.
393 1773 517 1833 Tonanti
531 1771 596 1832 lovi
616 1770 718 1831 aedem
736 1773 920 1833 consecravit
934 1771 1075 1833 liberatus

66 1859 215 1937 periculo,
244 1877 307 1919 cum
334 1857 523 1938 expeditione
547 1854 719 1917 Cantabrica
746 1873 800 1933 per
825 1867 997 1918 nocturnum
1018 1858 1074 1917 iter

30 1965 56 2005 no
65 1943 200 2003 lecticam
215 1943 277 2002 eius
297 1943 396 2020 fulgur
410 1943 650 2021 praestrinxisset
665 1958 838 2021 servumque
855 1944 1074 2023 praelucentem

65 2029 268 2087 exanimasset.
306 2025 453 2099 Quaedam
468 2027 554 2085 etiam
570 2043 661 2103 opera
680 2025 733 2085 sub
749 2028 865 2087 nomine
886 2029 1001 2106 alieno,
1023 2045 1072 2087 ue-

64 2121 165 2190 potum
182 2107 296 2169 scilicet
312 2119 341 2169 et
357 2111 456 2168 uxoris
472 2111 660 2187 sororisque,
682 2111 768 2187 lecit,
791 2121 822 2170 ut
836 2115 979 2189 porticum
995 2112 1072 2173 basi-

63 2197 208 2274 licamque
225 2192 277 2255 Gai
293 2202 323 2253 et
336 2193 422 2270 huoi,
446 2195 513 2253 item
528 2195 660 2272 porticus
674 2193 771 2255 Liviae
796 2205 825 2256 et
841 2193 980 2255 Octaviae
993 2196 1073 2257 thea-

63 2291 196 2359 trumque
211 2277 354 2341 Marcelli.
386 2277 490 2337 Sedet
506 2286 623 2337 ceteros
640 2280 789 2359 principes
804 2283 885 2340 viros
900 2297 991 2358 saepe
1007 2279 1073 2337 hor-

28 2388 54 2429 no
64 2374 141 2425 tatus
160 2361 231 2441 est,¹
245 2372 275 2423 ut
295 2380 349 2442 pro
365 2362 503 2423 facultate
520 2362 643 2441 quisque
657 2365 839 2424 monimentis
861 2364 910 2424 vel
926 2364 1011 2423 novis
1025 2360 1074 2422 vel

62 2450 185 2509 reiectis
209 2457 239 2507 et
264 2447 387 2508 excultis
408 2446 508 2506 urbem
535 2445 719 2508 adornarent.
764 2449 912 2528 Multaque
939 2467 956 2508 a
976 2446 1074 2507 multis

63 2544 131 2594 tuno
151 2541 282 2593 extructa
304 2541 385 2610 suut,
409 2534 483 2592 sicut
506 2531 650 2592 ahlarcio
668 2532 804 2613 Philippo
828 2532 917 2593 aedes
937 2532 1073 2594 Herculis

61 2618 221 2694 Musarum,
243 2616 304 2678 ab.
322 2615 480 2677 Gomihcio
502 2618 591 2677 aedes
609 2615 735 2696 Dionae,
758 2619 793 2678 ab
816 2618 918 2678 Asinio
938 2619 1072 2680 Pollione
1105 2622 1107 2626 '

62 2706 163 2763 atrium
186 2700 358 2780 libertatis,
381 2719 397 2763 a
417 2701 545 2763 Munatio
567 2701 676 2763 Planco
697 2703 786 2763 aedes
810 2704 937 2780 Saturni,
959 2720 975 2762 a
999 2701 1071 2765 Gor-

27 2809 53 2850 ao
64 2789 144 2848 nelio
162 2787 254 2848 Balbo
270 2786 428 2865 theatrum,
447 2806 463 2847 a
482 2787 596 2848 Statilio
611 2787 707 2849 Tauro
724 2787 979 2867 amphitheatrum,
1001 2787 1070 2848 ahl.

62 2891 135 2933 vero
150 2872 285 2952 Agrippa
302 2872 451 2951 complura
468 2881 497 2932 et
514 2874 647 2950 egregia.

124 2958 253 3036 Spatium
267 2956 389 3016 urbisin
403 2959 543 3034 regiones
559 2959 702 3037 vicosque
719 2957 817 3017 divisit
833 2959 1025 3036 instituitque,
1042 2965 1113 3026 ut30

61 3043 128 3104 illas
144 3044 227 3102 annui
240 3042 424 3118 magistratus
440 3042 543 3101 sortito
557 3051 723 3119 tuerentur,
738 3043 793 3103 hos
805 3044 934 3120 magistri
951 3060 968 3100 e
982 3040 1070 3121 plebe

63 3129 202 3207 cuiusque
220 3126 345 3187 viciniae
361 3125 441 3185 lecti.
477 3125 628 3187 Adversus
649 3126 783 3188 incendia
799 3127 938 3187 excubias
954 3134 1069 3188 noctur·

27 3231 114 3274 senas
132 3212 298 3291 vigilesque
323 3221 502 3271 commentus
526 3220 584 3282 est;
608 3211 643 3272 ad
666 3211 846 3273 coercendas
867 3211 1069 3273 inundationes

61 3297 176 3358 alveum
192 3296 307 3355 Tiberis
323 3295 431 3356 laxavit
448 3315 482 3357 ae
498 3297 685 3376 repurgauit,
709 3296 883 3377 completum
902 3296 970 3356 olim
985 3297 1068 3357 rude·

59 3382 140 3442 ribus
161 3391 190 3442 et
211 3380 407 3441 aedificiorum
436 3380 649 3461 prolationibus
676 3390 843 3442 coartatum.
883 3383 947 3457 Quo
974 3391 1069 3443 autem

59 3466 175 3528 iacilius
199 3464 323 3545 undique
350 3466 419 3528 urbs
444 3466 585 3544 adiretur,
612 3465 762 3546 desumpta
785 3465 1000 3611 sstAisFlaminia
1021 3469 1068 3526 via
