2334 3870
115 193 159 256 46
202 204 232 253 c.
246 202 396 252 suenoni
413 199 541 259 Τιιιιιρ.
560 199 607 245 nn
619 198 701 245 vunn
715 193 900 244 causandus
912 197 983 246 nse.
996 199 1035 246 11.

118 379 174 441 que
194 356 376 436 complures,
397 355 477 434 prius
499 371 582 433 quam
603 351 819 413 invalescerent
841 351 949 412 iudicio
976 352 1121 435 detectos,

118 443 292 523 compressit
309 439 381 500 alias
395 439 452 498 alio
468 446 615 517 tempore:
634 434 735 514 Lepidi
747 435 871 512 iuvenis,
889 435 994 498 deinde
1011 439 1120 502 Varro·

25 532 77 583 »ῑὲ
100 531 160 589 ¹nis
173 529 311 602 lllureuae
326 533 355 584 et
369 522 460 584 Fanni
475 521 649 600 Caepionis,
665 537 733 580 mox
747 519 784 580 bl.
800 517 924 599 Egnati,
939 523 1007 580 exin
1022 519 1163 585 Plautiae

115 614 180 674 Rufi
198 602 325 689 Lucique
342 607 422 668 Pauli
441 608 600 686 progeneri
616 606 675 682 sui,
698 622 733 664 ac
748 611 867 682 praeter
884 604 936 666 has
950 603 981 664 h.
993 603 1116 684 Audasi,

116 696 253 757 falsarum
275 692 433 754 tabularum
453 693 497 750 rei
513 708 549 751 ac
563 708 659 769 neque
673 697 768 748 aetate
789 705 884 768 neque
901 705 1025 768 corpore
1041 690 1136 755 inte-⁵

116 782 176 858 gri,
194 782 262 838 item
276 777 360 835 Asini
374 775 497 854 Epicadi
516 793 554 834 ex
568 783 657 852 geute
671 772 806 834 Parthina
821 771 953 851 ibridae,
968 772 1005 834 ad
1019 783 1114 834 extre·

116 881 192 923 mum
209 859 348 940 Telephi,
369 860 497 920 mulieris
519 861 598 919 servi
620 856 875 918 nomenculatoris.
907 856 982 919 Nam
998 876 1037 918 ne
1054 858 1118 918 ulti·

116 965 180 1008 mae
196 944 310 1025 quidem
325 946 412 1004 sortis
427 943 570 1004 hominum
591 943 806 1021 conspiratione
822 950 852 1000 et
865 941 999 1021 periculo
1016 944 1118 1003 caruit.

116 1029 259 1091 Audasius
276 1038 361 1108 atque
375 1026 522 1107 Epicadus
541 1026 641 1086 Iuliam
656 1025 742 1086 liliam
757 1034 787 1085 et
802 1024 963 1105 Agrippam
975 1035 1116 1105 nepotem

117 1135 156 1175 ex
171 1114 286 1190 insulis,
304 1111 406 1192 quibus
422 1111 656 1187 continebantur,
677 1127 783 1187 rapere
802 1108 837 1171 ad
853 1110 1012 1186 exercitus,
1028 1108 1113 1170 Tele·
1125 1121 1150 1163 ιι

117 1199 192 1278 pbus
209 1199 290 1275 quasi
308 1195 405 1254 debita
420 1193 475 1255 sibi
491 1194 551 1254 lato
568 1193 761 1255 dominatione
781 1202 810 1253 et
830 1197 925 1273 ipsum
940 1201 970 1253 et
986 1199 1118 1254 senatun

117 1281 238 1358 adgredi
260 1280 445 1339 destinarant.
484 1279 664 1354 Quinetiam
686 1278 827 1357 quondam
850 1280 930 1339 iuxta
956 1276 1116 1338 cubiculum

117 1368 179 1425 eius
200 1364 259 1424 lixa
281 1363 394 1442 quidam
413 1381 451 1423 ex
472 1363 592 1438 Illyrico
613 1364 759 1439 exercitu,
784 1362 953 1423 ianitoribus
976 1362 1116 1440 deceptis,

116 1458 204 1509 noctu
230 1448 431 1528 deprehensus
460 1456 505 1508 est
532 1447 625 1508 cultro
654 1448 802 1508 venatorio
829 1448 957 1525 cinctus,
986 1448 1118 1526 imposne

117 1534 220 1594 mentis
243 1533 429 1593 adsimulata
450 1532 607 1609 dementia,
629 1533 782 1601 incertum;
806 1529 876 1591 nihil
896 1532 972 1591 enim
993 1529 1152 1610 exprimito

117 1619 288 1697 quaestione
304 1619 406 1696 potuit.

75 1710 110 1763 to
179 1700 309 1763 Externa
330 1701 409 1760 bella
430 1700 485 1760 duo
511 1701 625 1759 omnino
651 1717 759 1777 perse
788 1700 897 1777 gessit,
925 1698 1119 1759 Delmaticum

118 1784 290 1845 adulescens
306 1783 415 1860 adhuc,
432 1791 462 1842 et
482 1780 608 1842 Antonio
629 1782 744 1844 devicto
761 1782 972 1845 Cantabricum.
1001 1781 1118 1842 Delma·

117 1871 175 1928 tiou
196 1869 281 1925 etiam
302 1866 422 1926 vulnera
443 1868 578 1943 excepit,
600 1884 655 1927 una
677 1869 741 1927 acie
767 1867 899 1928 dexhum
918 1884 997 1945 genu
1018 1865 1118 1946 lepide

117 1954 208 2027 ictus,
226 1949 317 2010 altera
333 1958 363 2008 et
378 1968 445 2009 crus
459 1958 490 2010 et
505 1959 655 2030 utrumque
673 1949 821 2011 brachium
835 1953 918 2012 ruina
932 1951 1030 2030 pontis
1046 1968 1115 2010 con·
1126 1971 1152 2013 m

117 2033 270 2094 sauciatus.
307 2032 431 2114 Reliqua
451 2051 507 2113 per
522 2034 639 2112 legatos
655 2035 877 2113 administravit,
899 2044 930 2096 ut
945 2044 1041 2096 tumen
1056 2035 1118 2114 qui·

116 2114 235 2176 busdam
265 2116 437 2178 Pannonicis
466 2127 551 2197 atque
574 2117 753 2180 Germanicis
782 2129 830 2180 aut
854 2121 1047 2180 interveniret
1070 2125 1120 2178 aut

116 2217 173 2260 uon
188 2197 278 2277 louge
294 2200 427 2279 abesset,
443 2202 611 2263 Rauennam
626 2204 674 2264 vel
681 2203 883 2266 Mediolanium
898 2202 1119 2282 velAquilciam

73 2288 208 2365 musque
223 2283 259 2346 ab
275 2285 347 2345 urbe
362 2287 567 2365 progrediens.
594 2287 709 2348 Domuit
724 2296 818 2349 autem
830 2289 934 2367 partim
947 2286 1035 2347 ductu
1049 2302 1117 2365 par·

116 2371 166 2430 tim
182 2371 319 2449 auspiciis
333 2372 392 2430 suis
408 2369 605 2449 Cantabriam,
620 2371 817 2452 Aquitaniam,
839 2372 1031 2449 Pannoniam,
1044 2369 1115 2430 Dcl·
1125 2392 1149 2434 ne

115 2456 229 2515 matiam
251 2472 314 2513 cum
334 2454 452 2529 Illyrico
476 2457 570 2534 omni,
592 2459 660 2518 item
680 2458 811 2518 Raetiam
836 2465 867 2517 et
889 2455 1059 2518 Vindelicos
1081 2471 1117 2515 ec

116 2538 267 2615 Salassos,
284 2548 389 2616 gentes
405 2539 561 2619 Inalpinas.
602 2539 739 2601 Coercult
759 2549 788 2601 et
809 2539 955 2602 Dacorum
974 2539 1116 2600 incursio·

115 2639 183 2697 nes,
200 2620 291 2682 tribus
312 2641 411 2684 eorum
426 2623 546 2684 ducibus
569 2643 633 2685 oum
650 2642 754 2702 magna
766 2627 853 2704 copia
868 2626 980 2701 caesis,
997 2621 1116 2687 Germa·

114 2721 227 2781 uosque
242 2705 317 2767 ultra
331 2706 428 2767 Albim
444 2708 559 2769 drinium
575 2711 743 2786 summouit,
765 2727 803 2769 ex
825 2708 927 2789 quibus
948 2707 1064 2769 Suebos
1086 2715 1118 2768 et

115 2787 284 2866 Sigambros
301 2790 433 2853 dedentis
448 2812 481 2852 se
502 2793 626 2854 traduxit
641 2796 669 2854 in
686 2792 806 2855 Galliam
821 2803 906 2874 atque
925 2795 955 2853 in
972 2792 1115 2873 proximis
1124 2807 1150 2850 ec

113 2871 216 2934 Rheno
241 2878 320 2951 agris
344 2877 518 2938 conlocavit.
553 2876 636 2938 Alias
658 2879 725 2937 item
746 2881 877 2940 nationes
906 2876 981 2938 male
1002 2878 1117 2957 quietes

116 2955 151 3017 ad
171 2956 340 3036 obsequium
369 2961 493 3039 redegit.
524 2960 589 3022 Nec
610 2963 661 3022 ulli
676 2964 757 3039 genti
783 2965 846 3024 sine
861 2963 944 3024 iustis
961 2971 992 3022 et
1010 2977 1116 3022 neces·

116 3042 199 3102 sariis
214 3045 308 3103 causis
325 3044 434 3105 bellum
450 3046 558 3123 intulit,
575 3055 738 3128 tantumque
755 3048 824 3108 aluit
836 3066 852 3108 a
865 3046 1021 3126 cupiditate
1044 3061 1116 3124 quo

117 3144 173 3206 quo
195 3126 279 3187 modo
299 3129 449 3207 imperium
471 3129 519 3191 vel
543 3131 678 3192 bellicam
696 3131 821 3209 gloriam
836 3131 977 3209 augendi,
999 3138 1030 3191 ut
1045 3145 1115 3208 quo·

115 3211 234 3272 rumdam
255 3212 443 3274 barbarorum
466 3218 614 3295 principes
635 3218 663 3276 iu
684 3216 757 3276 aede
774 3217 873 3279 blattis
888 3216 999 3278 Ultoris
1017 3215 1115 3274 iurare
1123 3229 1150 3271 as

116 3298 249 3373 coegerit
268 3316 416 3359 mansuros
437 3319 470 3360 se
486 3303 513 3361 iu
529 3300 586 3362 lide
604 3319 639 3361 ac
655 3319 728 3379 pace
746 3319 830 3380 quam
844 3308 996 3380 peterent,
1022 3299 1115 3376 aqui·

115 3377 235 3441 busdam
256 3400 328 3443 vero
350 3401 454 3443 nouum
476 3403 569 3462 gemus
585 3384 730 3464 obsidum,
746 3386 882 3462 feminas,
905 3387 1027 3462 exigere
1043 3390 1115 3441 tem·

115 3467 253 3541 ptaverit.
269 3467 347 3529 nruod
361 3470 523 3536 neglegere
537 3488 643 3528 marum
660 3473 781 3532 pignera
800 3468 952 3541 sentiebat
971 3476 1115 3530 ettamen
