2334 3870
475 224 504 272 c.
530 223 716 272 caurorum.
1035 211 1095 273 125

101 387 269 458 tempestate
297 376 426 453 turbida,
464 394 520 455 quo
547 380 637 457 magis
666 380 760 458 pietas
790 378 944 456 emineret,
970 380 1095 460 adiitque

101 461 318 523 venerabundus
339 478 373 519 ae
400 478 455 536 per
475 473 566 522 semet
590 465 618 523 in
640 481 726 523 urnas
750 460 892 534 condidit;
912 479 966 522 nec
985 465 1096 524 minore

100 564 204 609 scaena
224 545 347 620 Ostiam,
367 544 498 623 praefixo
518 547 547 604 in
568 546 684 606 biremis
706 564 805 626 puppe
825 544 950 622 vexillo,
975 554 1006 607 et
1030 546 1095 607 inde

96 632 218 691 Romam
247 628 346 688 'liberi
380 627 552 707 subvectos,
587 649 641 708 per
666 629 926 710 splendidissimum
955 647 1096 710 quemque

71 714 242 791 sequestris
273 709 380 770 ordinis
406 710 500 770 medio
526 731 560 772 ac
590 713 732 790 frequenti
760 715 806 774 die
837 713 949 773 duobus
977 713 1097 773 ferculis

98 795 249 856 lllausoleo
273 794 380 870 intulit,
403 794 578 873 inferiasque
600 797 625 854 is
646 813 736 855 annua
756 797 897 873 religione
918 796 1035 876 publice
1056 796 1096 854 in·

101 880 204 954 stituit,
225 886 253 937 et
275 894 312 937 eo
328 879 449 1020 amplius
469 881 551 937 matri
568 877 729 961 'Circenses
749 890 969 959 carpentumque
989 897 1045 959 quo
1067 880 1096 938 in

99 980 204 1042 pompa
235 971 276 1021 tra
298 980 384 1021 ucere
398 981 447 1031 ur;
465 971 510 1042 ⁸at
537 965 566 1021 in
589 963 753 1023 memoriam
780 963 869 1041 patris
899 963 1096 1040 Septembrem

96 1063 225 1105 mensem
246 1044 442 1106 Germanicum
461 1045 628 1124 appellavit.
659 1046 730 1106 Post
752 1044 826 1106 haee
844 1046 987 1105 Antoniae
1003 1048 1096 1122 aviae,

61 1144 88 1186 ro
98 1128 231 1209 quidquid
247 1147 377 1206 umquam
392 1129 471 1189 Livia
490 1129 621 1207 Augusta
641 1130 782 1190 bonorum
805 1133 947 1209 cepisset,
972 1146 1028 1188 uno
1052 1146 1096 1188 se-

96 1223 177 1273 natus
200 1212 330 1271 consulto
348 1215 513 1289 congessit;
537 1223 666 1291 patruum
683 1212 840 1290 Claudium,
863 1214 991 1292 equitem
1007 1214 1043 1274 lt.
1061 1210 1097 1273 ad

95 1297 124 1356 id
146 1305 273 1371 tempus,
297 1294 441 1371 collegam
467 1296 521 1354 sibi
549 1299 578 1355 in
604 1298 752 1357 consulatu
780 1300 948 1376 assumpsit;
977 1297 1096 1357 fratrem

97 1379 244 1440 Tiberium
261 1376 308 1433 die
321 1377 412 1434 virilis
434 1387 522 1451 togae
543 1378 687 1452 adoptavit
703 1380 917 1458 appellavitque
933 1382 1095 1457 principem

99 1461 268 1526 iuventutis;
287 1456 323 1516 de
342 1457 493 1516 sororibus
515 1465 614 1516 auctor
626 1460 694 1533 luit,
716 1468 747 1516 ut
761 1462 892 1518 omnibus
910 1462 1097 1519 sacramentis

65 1564 91 1605 m
100 1543 278 1604 adiceretur:
310 1557 407 1618 oeque
430 1557 478 1598 me
506 1538 680 1618 liberosque
704 1557 787 1600 meos
814 1543 955 1602 cariores
977 1540 1097 1601 babebo

99 1643 192 1706 qoem
221 1622 329 1683 Gaium
357 1621 457 1694 babeo
486 1631 515 1683 et
537 1641 663 1684 sorores
695 1623 781 1694 cios,·
804 1625 882 1683 item
912 1623 1097 1684 relationibus

99 1708 263 1770 consulum:
292 1708 376 1785 quod
404 1706 514 1768 borram
540 1706 679 1787 felleque
704 1707 746 1767 sit
769 1705 802 1767 0.
825 1705 959 1767 Caesari
979 1707 1094 1767 sorori·

98 1792 215 1870 bosque
234 1793 308 1852 cios.

160 1875 225 1935 Pari
247 1875 439 1954 popularitate
467 1877 614 1936 damnatos
641 1876 849 1955 relegatosque
876 1875 1013 1943 restituit;
1044 1875 1096 1933 cri·

62 1961 213 2035 erminum,
228 1961 252 2017 si
268 1977 341 2036 quae
356 1959 470 2019 residua
486 1978 524 2018 ex
537 1962 635 2037 priore
651 1968 780 2038 tempore
796 1958 956 2036 manebant,
974 1958 1097 2018 omnium

98 2045 219 2121 gratiam
242 2041 327 2109 lecit;
350 2045 570 2101 commentarios
596 2042 631 2103 ad
656 2044 753 2102 matris
782 2042 958 2122 fratrumque
981 2059 1096 2102 suorum

99 2144 202 2187 causas
223 2125 407 2202 pertinentis,
426 2143 462 2183 ue
484 2126 528 2183 cui
544 2125 724 2202 postmodum
739 2125 862 2185 delatori
883 2136 930 2186 aut
950 2127 1017 2185 testi
1038 2144 1095 2187 ma-

98 2218 182 2269 neret
197 2208 272 2267 ullus
296 2216 403 2283 metus,
428 2217 588 2270 convectos
610 2210 638 2266 in
656 2209 765 2285 lorum,
790 2218 818 2268 et
836 2218 902 2269 aute
922 2209 999 2268 clare
1016 2208 1096 2269 obte-

99 2302 189 2353 status
212 2291 283 2350 deos
307 2310 402 2370 neque
424 2291 534 2368 legisse
561 2309 655 2368 neque
682 2294 813 2368 attigisse
834 2295 1001 2371 quicquam,
1029 2308 1096 2351 con-

62 2377 251 2442 sacremavit;
272 2375 401 2434 libellum
417 2375 453 2434 de
476 2375 568 2433 salute
586 2393 637 2434 sua
658 2374 783 2435 oblatum
805 2394 862 2436 non
878 2377 1006 2454 recepit,
1029 2391 1097 2434 con·

97 2460 234 2535 tendens,
256 2459 333 2519 nibil
346 2458 408 2519 sibi
428 2457 596 2519 admissum
621 2477 677 2518 cur
701 2459 844 2538 cuiquam
867 2459 986 2520 incisos
1006 2463 1096 2534 esset,

97 2545 271 2621 negavitque
299 2562 331 2602 se
356 2542 532 2603 delatoribus
556 2560 640 2602 aures
670 2542 788 2602 habere.
829 2543 986 2603 Psinthrias
1015 2544 1139 2603 mon-16

98 2636 255 2689 strosarum
273 2626 432 2703 libidinum,
451 2645 540 2703 aegre
558 2644 594 2685 ue
617 2626 760 2704 prolundo
780 2635 926 2703 mergeret
947 2637 1094 2705 exoratus,

98 2711 170 2771 urbe
192 2709 343 2769 submovit.
383 2711 439 2771 'liti
458 2710 590 2785 Labieni,
611 2708 698 2769 Cordi
718 2708 860 2786 Cremuti,
885 2708 967 2769 Cassi
992 2712 1096 2772 Severi

62 2797 223 2872 rescripta,
243 2803 359 2854 senatus
385 2795 524 2854 consultis
551 2793 673 2870 abolita,
693 2796 801 2872 requiri
823 2803 852 2853 et
873 2813 940 2852 esse
962 2795 990 2852 in
1009 2795 1095 2854 mani·
1117 2824 1120 2828 ·

98 2879 153 2938 bus
173 2877 353 2955 lectitarique
375 2879 520 2955 permisit,
549 2876 673 2957 quondo
696 2879 831 2938 monime
853 2895 913 2937 suo
936 2877 1098 2938 interesset

99 2969 133 3023 ut
152 2960 242 3039 focio
263 2978 401 3041 quaeque
424 2962 561 3039 posteris
586 2961 761 3022 traderetur.
807 2963 946 3022 Rationes
974 2961 1096 3040 imperii,

99 3046 136 3105 ab
153 3045 285 3122 Augusto
301 3047 427 3123 proponi
449 3045 549 3104 solitas
564 3055 608 3104 set
623 3064 639 3104 a
654 3045 771 3106 Tiberio
789 3047 981 3123 intermissas,
1005 3043 1096 3123 publi·

100 3130 186 3190 cavit.
220 3128 434 3202 blagistratibus
456 3128 575 3189 liberam
595 3130 664 3188 iuris
683 3129 836 3189 dictionem
858 3138 887 3189 et
904 3133 966 3189 sine
989 3129 1032 3187 sui
1046 3145 1095 3206 ap·

62 3211 258 3293 repellatione
286 3213 441 3272 concessit.
480 3211 599 3290 Equites
625 3213 666 3273 tt.
687 3231 792 3272 serere
824 3215 1013 3290 curioseque,
1040 3229 1096 3270 neo

100 3299 164 3356 sine
179 3295 392 3373 moderatione,
412 3297 602 3372 recognovit,
627 3296 720 3374 palam
742 3297 876 3375 adempto
899 3315 974 3374 equo
993 3295 1095 3374 quibus

99 3389 148 3442 ant
163 3379 263 3459 probri
278 3380 383 3459 aliquid
401 3388 447 3441 aut
466 3380 638 3456 ignominiae
658 3381 783 3456 inesset,
806 3398 904 3439 eorum
923 3381 970 3458 qui
984 3383 1090 3440 minore

100 3456 187 3543 ¹eulpa
208 3472 373 3524 tenerentur
395 3463 557 3525 nominibus
580 3463 666 3524 modo
687 3467 715 3524 in
731 3466 902 3524 recitatione
922 3464 1090 3542 praeteritis,
