2286 3862
100 213 159 275 190
190 223 219 271 c.
234 219 383 271 sunnam
401 216 526 275 nanno.
541 192 589 261 n'u
604 214 688 260 vura
703 210 887 260 cansnnunr
902 209 975 256 mn.
988 207 1040 255 τι.

99 382 174 441 ullos
190 379 329 439 leuiorem
346 391 429 453 quam
444 373 491 450 qui
507 389 539 429 se
555 369 639 430 dictis
654 376 703 429 aut
718 365 892 428 carminibus
905 363 1101 424 lacessissent

100 465 239 526 extitisse.
279 459 367 521 liulta
393 457 505 517 Graece
529 453 687 532 Latineque
714 452 881 531 proscripta
907 458 959 510 aut
985 449 1102 529 vulgata

100 557 179 624 sunt,
195 548 269 607 sicut
281 544 344 604 illa:

225 676 332 755 Νέρων
344 665 478 754 Ὀρέστης
489 665 639 751 Ἀλκμέων
654 662 859 750 μητροκτόνος.

225 805 408 887 Νεόννμφον
424 807 530 889 Νέρων
545 807 623 867 ἰδέαν
638 803 747 886 μητέρα
762 795 926 865 intueor.
1106 825 1119 866 u

183 949 251 1020 oue
266 948 471 1022 acquisiturae
486 961 603 1019 maqnae
618 948 653 1001 de
665 949 751 1018 stirpe
767 945 927 1000 Neronem?

226 1034 342 1091 Sustulit
353 1033 397 1088 hie
412 1037 540 1095 matrem,
556 1032 666 1086 sustulit
677 1031 722 1085 ille
732 1035 852 1101 patrem.

81 1224 87 1230 .
182 1171 256 1226 Dum
272 1168 355 1222 tandit
368 1166 504 1221 citharam
522 1174 629 1234 ηυττεν,
645 1165 711 1220 dum
725 1179 832 1220 cornua
846 1162 984 1235 Partitur,

225 1252 324 1306 Noster
338 1253 390 1306 erit
401 1249 514 1318 Paean,
528 1251 573 1304 ille
587 1249 796 1306 Hecatebeletes.

184 1385 274 1440 Roma
288 1385 384 1440 domm
394 1386 454 1456 fiet.-
476 1384 555 1440 Veios
570 1387 698 1457 miprate,
714 1382 846 1453 Quirites,
1111 1397 1129 1438 u

226 1467 259 1524 Si
274 1486 328 1525 non
343 1476 370 1525 et
389 1468 468 1524 Veios
483 1476 602 1541 occupat
614 1471 666 1524 eto
682 1469 787 1524 domus.

100 1602 159 1664 Sed
181 1619 275 1679 neque
293 1608 428 1660 auctores
447 1601 578 1678 requisiit
599 1608 628 1659 et
649 1598 788 1678 quosdam
811 1617 866 1678 per
882 1597 1013 1659 indicem
1028 1597 1103 1658 dela·

100 1697 146 1747 tos
168 1685 203 1744 ad
226 1693 354 1745 senatum
376 1682 460 1743 adlici
481 1686 618 1760 graviore
638 1702 734 1762 poena
753 1683 907 1763 prohibuit.
938 1681 1102 1743 Transeun-

100 1781 157 1831 tem
171 1787 235 1828 eum
250 1768 377 1828 Isidorus
394 1764 520 1842 Cynicus
534 1770 562 1826 in
578 1766 696 1846 publico
719 1768 797 1827 clara
813 1784 888 1828 voce
905 1768 1101 1845 corripuerat,

101 1853 184 1935 qaod
199 1850 318 1931 Naupli
334 1851 419 1912 mato
435 1850 509 1911 bene
524 1851 704 1928 cantitaret,
721 1868 782 1911 sua
798 1850 880 1913 borsa
894 1851 978 1913 mole
994 1850 1126 1931 dispo-1⁶

100 1942 187 2000 aeret
195 1961 208 2006 ,·
225 1946 254 1996 et
268 1936 357 1996 Datus
370 1934 566 1996 Atellanarum
583 1936 684 1996 histrio
700 1937 728 1994 in
746 1937 859 1996 cantico
878 1936 1006 2015 quodam
1018 1924 1102 2017 ‘lpi-

102 2038 175 2082 ωινε
192 2012 311 2101 πάτερ,
334 2007 464 2099 ὑγίαινε
479 2015 600 2100 poiseo!
621 2020 659 2079 ita
675 2019 939 2097 demonstraverat,
955 2029 989 2080 ut
1003 2019 1102 2083 hiben-

101 2116 159 2166 tem
174 2113 374 2184 natantemque
390 2105 519 2181 iaceret,
538 2106 643 2164 exitum
658 2104 771 2165 seilicet
788 2103 888 2165 (llaudi
903 2104 1103 2184 Agrippinae·

103 2208 158 2271 que
174 2191 357 2267 significans,
378 2197 407 2248 et
429 2189 457 2247 in
478 2191 633 2250 novissima
650 2189 778 2249 clausula
795 2185 897 2250 Orcus
910 2187 1006 2250 cobis
1021 2190 1105 2252 ducit

100 2274 196 2355 pedes
217 2283 345 2334 senatum
366 2282 451 2350 gestu
473 2283 595 2335 notarat.
637 2273 812 2334 Histrionem
838 2282 867 2333 et
893 2273 1131 2355 philosophum„

102 2359 181 2419 Nero
199 2359 268 2419 nihil
286 2358 407 2436 amplius
424 2375 507 2435 quam
529 2358 600 2418 urhe
614 2358 754 2437 Italiaque
776 2360 941 2434 summouit,
963 2359 1017 2419 vel
1037 2378 1104 2421 ocu·

102 2453 212 2522 temptu
229 2444 319 2503 omnis
341 2441 473 2502 infamiae
494 2442 541 2502 vel
559 2461 595 2502 ue
611 2443 728 2502 fatendo
754 2442 884 2504 dolorem
910 2443 1042 2505 irritaret
1063 2445 1103 2503 in-

125 2546 198 2586 ema.

64 2546 123 2670 tog
164 2610 262 2670 Talem
279 2611 439 2689 prinoipem
456 2611 543 2689 paulo
560 2615 650 2671 minus
673 2613 899 2690 quattuordecim
921 2628 1015 2672 annos
1037 2629 1103 2691 per·

103 2712 207 2773 pessus
229 2703 368 2752 terrarum
391 2694 470 2754 orbis
491 2695 603 2755 taudem
627 2696 769 2773 destituit,
794 2699 902 2758 initium
925 2695 1133 2757 facientibusu

104 2776 192 2838 Gallis
210 2777 282 2836 duce
296 2776 369 2838 lulio
387 2777 519 2856 Vindice,
536 2781 582 2858 qui
600 2789 657 2839 tum
674 2799 736 2840 eam
752 2784 929 2859 provinciam
946 2798 1001 2860 pro
1018 2798 1104 2859 prae·

103 2871 166 2922 tore
183 2861 338 2939 optinebat.

163 2944 341 3006 Praedictum
366 2966 381 3008 a
408 2947 614 3008 mathematicis
635 2949 746 3008 Neroni
768 2950 834 3010 olim
857 2958 933 3026 erat,
961 2949 1047 3025 fore,
1074 2957 1105 3009 ut

104 3029 275 3110 quaudoque
302 3031 517 3102 destitueretur;
547 3033 622 3093 unde
649 3033 697 3094 illa
723 3052 781 3094 vox
807 3035 869 3094 eius
893 3032 1103 3093 celeberrima:

109 3102 153 3175 Τὸ
166 3107 296 3192 τέχνιον
311 3102 396 3195 ἡμᾶς
410 3111 596 3197 decipiare,
614 3136 672 3196 quo
687 3121 795 3179 maiore
813 3118 925 3177 scilicet
941 3119 1029 3179 venia
1043 3132 1135 3178 meno

106 3200 241 3258 ditaretur
258 3198 480 3261 citharoedicam
497 3211 604 3278 artem,
629 3203 752 3282 principi
769 3202 822 3262 sihi
841 3211 967 3278 gratam,
986 3204 1105 3281 privato

105 3285 307 3344 necessariam.
335 3285 559 3364 spoponderant
575 3294 668 3346 tannen
689 3287 801 3366 quidam
824 3286 959 3346 destituto
975 3284 1106 3348 Orientis

107 3364 345 3446 dominationem,
366 3369 494 3429 nonnulli
514 3372 674 3430 nominatim
688 3390 807 3449 reguum
823 3370 1105 3448 Hierosolymorum,

106 3447 206 3528 plures
228 3454 319 3512 omnis
340 3454 477 3531 pristinae
491 3453 623 3514 fortunae
638 3458 855 3515 restitutionem.
887 3453 938 3514 (lui
955 3458 1020 3535 spei
1036 3474 1106 3537 pro·
