<?xml version="1.0" encoding="UTF-8"?>
<!DOCTYPE html PUBLIC "-//W3C//DTD XHTML 1.0 Transitional//EN"
    "http://www.w3.org/TR/xhtml1/DTD/xhtml1-transitional.dtd">
<html xmlns="http://www.w3.org/1999/xhtml" xml:lang="en" lang="en">
 <head>
  <title>
</title>
<meta http-equiv="Content-Type" content="text/html;charset=utf-8" />
  <meta name='ocr-system' content='tesseract 3.04.00' />
  <meta name='ocr-capabilities' content='ocr_page ocr_carea ocr_par ocr_line ocrx_word'/>
</head>
<body>
  <div class='ocr_page' id='page_1' title='image "./csuetonitranqui00trangoog_0130.png"; bbox 0 0 2334 3870; ppageno 0'>
   <div class='ocr_carea' id='block_1_1' title="bbox 461 174 1086 237">
    <p class='ocr_par' dir='ltr' id='par_1_1' title="bbox 461 174 1086 237">
     <span class='ocr_line' id='line_1_1' title="bbox 461 174 1086 237; baseline 0.005 -3"><span class='ocrx_word' id='word_1_1' title='bbox 461 186 566 236; x_wconf 81' lang='lat' dir='ltr'>ornos</span> <span class='ocrx_word' id='word_1_2' title='bbox 584 187 711 236; x_wconf 82' lang='lat' dir='ltr'>sumus.</span> <span class='ocrx_word' id='word_1_3' title='bbox 840 207 842 210; x_wconf 95' lang='lat'>-</span> <span class='ocrx_word' id='word_1_4' title='bbox 1046 174 1086 237; x_wconf 81' lang='lat' dir='ltr'>ta</span> 
     </span>
    </p>
   </div>
   <div class='ocr_carea' id='block_1_2' title="bbox 10 341 1142 3448">
    <p class='ocr_par' dir='ltr' id='par_1_2' title="bbox 53 341 1131 2012">
     <span class='ocr_line' id='line_1_2' title="bbox 85 341 1086 425; baseline -0.006 -18"><span class='ocrx_word' id='word_1_5' title='bbox 85 345 197 408; x_wconf 83' lang='lat' dir='ltr'>moveri</span> <span class='ocrx_word' id='word_1_6' title='bbox 213 343 386 425; x_wconf 88' lang='lat' dir='ltr'>quaudoque</span> <span class='ocrx_word' id='word_1_7' title='bbox 408 350 544 421; x_wconf 88' lang='lat' dir='ltr'>possent,</span> <span class='ocrx_word' id='word_1_8' title='bbox 564 342 700 423; x_wconf 84' lang='lat' dir='ltr'>instituit,</span> <span class='ocrx_word' id='word_1_9' title='bbox 725 351 796 424; x_wconf 91' lang='lat' dir='ltr'>quot</span> <span class='ocrx_word' id='word_1_10' title='bbox 816 343 898 402; x_wconf 87' lang='lat' dir='ltr'>annis</span> <span class='ocrx_word' id='word_1_11' title='bbox 921 343 949 402; x_wconf 92' lang='lat' dir='ltr'>in</span> <span class='ocrx_word' id='word_1_12' title='bbox 974 341 1086 403; x_wconf 87' lang='lat' dir='ltr'>demor-</span> 
     </span>
     <span class='ocr_line' id='line_1_3' title="bbox 87 426 1107 506; baseline -0.003 -16"><span class='ocrx_word' id='word_1_13' title='bbox 87 439 199 490; x_wconf 88' lang='lat' dir='ltr'>tuorum</span> <span class='ocrx_word' id='word_1_14' title='bbox 215 428 312 490; x_wconf 90' lang='lat' dir='ltr'>locum</span> <span class='ocrx_word' id='word_1_15' title='bbox 353 446 373 486; x_wconf 86' lang='lat' dir='ltr'>x</span> <span class='ocrx_word' id='word_1_16' title='bbox 394 427 445 502; x_wconf 88' lang='lat' dir='ltr'>iis,</span> <span class='ocrx_word' id='word_1_17' title='bbox 470 427 518 504; x_wconf 90' lang='lat' dir='ltr'>qui</span> <span class='ocrx_word' id='word_1_18' title='bbox 539 428 655 488; x_wconf 89' lang='lat' dir='ltr'>recensi</span> <span class='ocrx_word' id='word_1_19' title='bbox 668 445 728 490; x_wconf 91' lang='lat' dir='ltr'>non</span> <span class='ocrx_word' id='word_1_20' title='bbox 749 436 862 506; x_wconf 79' lang='lat' dir='ltr'>essent,</span> <span class='ocrx_word' id='word_1_21' title='bbox 887 426 1107 503; x_wconf 77' lang='lat' dir='ltr'>subsortitioa5</span> 
     </span>
     <span class='ocr_line' id='line_1_4' title="bbox 88 494 1129 594; baseline -0.007 -20"><span class='ocrx_word' id='word_1_22' title='bbox 88 521 224 594; x_wconf 85' lang='lat' dir='ltr'>praetore</span> <span class='ocrx_word' id='word_1_23' title='bbox 239 494 342 582; x_wconf 58' lang='lat' dir='ltr'>fieret.)</span> <span class='ocrx_word' id='word_1_24' title='bbox 364 507 520 586; x_wconf 78' lang='lat' dir='ltr'>Octoginta</span> <span class='ocrx_word' id='word_1_25' title='bbox 536 519 628 571; x_wconf 88' lang='lat' dir='ltr'>autern</span> <span class='ocrx_word' id='word_1_26' title='bbox 645 514 747 574; x_wconf 80' lang='lat' dir='ltr'>ciuium</span> <span class='ocrx_word' id='word_1_27' title='bbox 764 511 880 573; x_wconf 91' lang='lat' dir='ltr'>milibus</span> <span class='ocrx_word' id='word_1_28' title='bbox 903 513 932 570; x_wconf 92' lang='lat' dir='ltr'>iu</span> <span class='ocrx_word' id='word_1_29' title='bbox 948 502 1129 571; x_wconf 59' lang='lat' dir='ltr'>transmass&#39;li</span> 
     </span>
     <span class='ocr_line' id='line_1_5' title="bbox 86 592 1088 677; baseline -0.003 -20"><span class='ocrx_word' id='word_1_30' title='bbox 86 600 163 659; x_wconf 89' lang='lat' dir='ltr'>rinas</span> <span class='ocrx_word' id='word_1_31' title='bbox 180 597 313 658; x_wconf 88' lang='lat' dir='ltr'>colonias</span> <span class='ocrx_word' id='word_1_32' title='bbox 328 592 502 669; x_wconf 76' lang='lat' dir='ltr'>distributis,</span> <span class='ocrx_word' id='word_1_33' title='bbox 513 593 716 657; x_wconf 85' lang='lat' dir='ltr'>utexbanstae</span> <span class='ocrx_word' id='word_1_34' title='bbox 733 613 849 677; x_wconf 90' lang='lat' dir='ltr'>quoque</span> <span class='ocrx_word' id='word_1_35' title='bbox 861 595 941 657; x_wconf 88' lang='lat' dir='ltr'>urbis</span> <span class='ocrx_word' id='word_1_36' title='bbox 953 596 1088 674; x_wconf 84' lang='lat' dir='ltr'>frequen·</span> 
     </span>
     <span class='ocr_line' id='line_1_6' title="bbox 62 676 1089 760; baseline -0.007 -17"><span class='ocrx_word' id='word_1_37' title='bbox 62 683 125 745; x_wconf 81' lang='lat' dir='ltr'>ntia</span> <span class='ocrx_word' id='word_1_38' title='bbox 141 687 331 760; x_wconf 75' lang='lat' dir='ltr'>suppeteret,</span> <span class='ocrx_word' id='word_1_39' title='bbox 356 676 466 753; x_wconf 90' lang='lat' dir='ltr'>sanxit,</span> <span class='ocrx_word' id='word_1_40' title='bbox 489 678 607 754; x_wconf 88' lang='lat' dir='ltr'>nequis</span> <span class='ocrx_word' id='word_1_41' title='bbox 624 679 695 739; x_wconf 87' lang='lat' dir='ltr'>ciris</span> <span class='ocrx_word' id='word_1_42' title='bbox 708 682 800 740; x_wconf 89' lang='lat' dir='ltr'>maior</span> <span class='ocrx_word' id='word_1_43' title='bbox 816 683 897 743; x_wconf 90' lang='lat' dir='ltr'>annis</span> <span class='ocrx_word' id='word_1_44' title='bbox 919 679 1022 758; x_wconf 88' lang='lat' dir='ltr'>viginti</span> <span class='ocrx_word' id='word_1_45' title='bbox 1040 678 1089 737; x_wconf 92' lang='lat' dir='ltr'>mi·</span> 
     </span>
     <span class='ocr_line' id='line_1_7' title="bbox 85 760 1090 845; baseline -0.003 -20"><span class='ocrx_word' id='word_1_46' title='bbox 85 783 182 826; x_wconf 85' lang='lat' dir='ltr'>norue</span> <span class='ocrx_word' id='word_1_47' title='bbox 199 760 406 840; x_wconf 84' lang='lat' dir='ltr'>quadraginta,</span> <span class='ocrx_word' id='word_1_48' title='bbox 424 761 472 840; x_wconf 91' lang='lat' dir='ltr'>qui</span> <span class='ocrx_word' id='word_1_49' title='bbox 486 770 668 822; x_wconf 89' lang='lat' dir='ltr'>sacramento</span> <span class='ocrx_word' id='word_1_50' title='bbox 683 778 743 821; x_wconf 90' lang='lat' dir='ltr'>non</span> <span class='ocrx_word' id='word_1_51' title='bbox 757 770 914 843; x_wconf 87' lang='lat' dir='ltr'>teneretur,</span> <span class='ocrx_word' id='word_1_52' title='bbox 926 766 992 845; x_wconf 90' lang='lat' dir='ltr'>plus</span> <span class='ocrx_word' id='word_1_53' title='bbox 1003 764 1090 824; x_wconf 88' lang='lat' dir='ltr'>trien-</span> 
     </span>
     <span class='ocr_line' id='line_1_8' title="bbox 87 843 1089 924; baseline -0.001 -17"><span class='ocrx_word' id='word_1_54' title='bbox 87 849 139 907; x_wconf 89' lang='lat' dir='ltr'>nio</span> <span class='ocrx_word' id='word_1_55' title='bbox 156 847 291 905; x_wconf 88' lang='lat' dir='ltr'>contiuuo</span> <span class='ocrx_word' id='word_1_56' title='bbox 306 843 388 906; x_wconf 90' lang='lat' dir='ltr'>ltalia</span> <span class='ocrx_word' id='word_1_57' title='bbox 408 843 540 922; x_wconf 88' lang='lat' dir='ltr'>abesset,</span> <span class='ocrx_word' id='word_1_58' title='bbox 561 861 618 904; x_wconf 92' lang='lat' dir='ltr'>neu</span> <span class='ocrx_word' id='word_1_59' title='bbox 637 845 685 924; x_wconf 90' lang='lat' dir='ltr'>qui</span> <span class='ocrx_word' id='word_1_60' title='bbox 702 849 845 906; x_wconf 89' lang='lat' dir='ltr'>senatoris</span> <span class='ocrx_word' id='word_1_61' title='bbox 861 848 937 911; x_wconf 87' lang='lat' dir='ltr'>iilius</span> <span class='ocrx_word' id='word_1_62' title='bbox 950 850 1005 909; x_wconf 89' lang='lat' dir='ltr'>nisi</span> <span class='ocrx_word' id='word_1_63' title='bbox 1021 865 1089 909; x_wconf 91' lang='lat' dir='ltr'>corr-</span> 
     </span>
     <span class='ocr_line' id='line_1_9' title="bbox 89 928 1088 1010; baseline 0 -18"><span class='ocrx_word' id='word_1_64' title='bbox 89 928 250 992; x_wconf 89' lang='lat' dir='ltr'>tnberualis</span> <span class='ocrx_word' id='word_1_65' title='bbox 276 938 323 989; x_wconf 91' lang='lat' dir='ltr'>aut</span> <span class='ocrx_word' id='word_1_66' title='bbox 353 944 452 990; x_wconf 89' lang='lat' dir='ltr'>comes</span> <span class='ocrx_word' id='word_1_67' title='bbox 472 930 658 1007; x_wconf 74' lang='lat' dir='ltr'>magistratus</span> <span class='ocrx_word' id='word_1_68' title='bbox 682 946 813 1010; x_wconf 81' lang='lat' dir='ltr'>peregre</span> <span class='ocrx_word' id='word_1_69' title='bbox 838 931 1088 1010; x_wconf 74' lang='lat' dir='ltr'>proficisceretur:</span> 
     </span>
     <span class='ocr_line' id='line_1_10' title="bbox 86 1012 1093 1095; baseline 0.001 -22"><span class='ocrx_word' id='word_1_70' title='bbox 86 1031 162 1075; x_wconf 86' lang='lat' dir='ltr'>nere</span> <span class='ocrx_word' id='word_1_71' title='bbox 180 1014 214 1090; x_wconf 87' lang='lat' dir='ltr'>ii,</span> <span class='ocrx_word' id='word_1_72' title='bbox 233 1012 282 1091; x_wconf 93' lang='lat' dir='ltr'>qui</span> <span class='ocrx_word' id='word_1_73' title='bbox 295 1014 461 1092; x_wconf 89' lang='lat' dir='ltr'>pecuariam</span> <span class='ocrx_word' id='word_1_74' title='bbox 475 1014 625 1090; x_wconf 89' lang='lat' dir='ltr'>lacerent,</span> <span class='ocrx_word' id='word_1_75' title='bbox 644 1017 738 1075; x_wconf 89' lang='lat' dir='ltr'>minus</span> <span class='ocrx_word' id='word_1_76' title='bbox 753 1015 837 1076; x_wconf 90' lang='lat' dir='ltr'>tertia</span> <span class='ocrx_word' id='word_1_77' title='bbox 854 1023 939 1095; x_wconf 89' lang='lat' dir='ltr'>parte</span> <span class='ocrx_word' id='word_1_78' title='bbox 954 1014 1093 1093; x_wconf 84' lang='lat' dir='ltr'>puberum</span> 
     </span>
     <span class='ocr_line' id='line_1_11' title="bbox 53 1096 1093 1181; baseline 0.001 -22"><span class='ocrx_word' id='word_1_79' title='bbox 53 1118 76 1159; x_wconf 85' lang='lat' dir='ltr'>ro</span> <span class='ocrx_word' id='word_1_80' title='bbox 87 1100 276 1176; x_wconf 88' lang='lat' dir='ltr'>ingenuorum</span> <span class='ocrx_word' id='word_1_81' title='bbox 296 1097 372 1158; x_wconf 90' lang='lat' dir='ltr'>inter</span> <span class='ocrx_word' id='word_1_82' title='bbox 392 1107 528 1178; x_wconf 89' lang='lat' dir='ltr'>pastores</span> <span class='ocrx_word' id='word_1_83' title='bbox 549 1096 700 1160; x_wconf 92' lang='lat' dir='ltr'>haberent.</span> <span class='ocrx_word' id='word_1_84' title='bbox 741 1097 898 1181; x_wconf 87' lang='lat' dir='ltr'>Omnisque</span> <span class='ocrx_word' id='word_1_85' title='bbox 923 1098 1093 1160; x_wconf 78' lang='lat' dir='ltr'>medicinam</span> 
     </span>
     <span class='ocr_line' id='line_1_12' title="bbox 85 1180 1091 1263; baseline -0.002 -18"><span class='ocrx_word' id='word_1_86' title='bbox 85 1185 197 1245; x_wconf 84' lang='lat' dir='ltr'>Rornae</span> <span class='ocrx_word' id='word_1_87' title='bbox 222 1180 377 1261; x_wconf 87' lang='lat' dir='ltr'>proiessos</span> <span class='ocrx_word' id='word_1_88' title='bbox 399 1192 427 1243; x_wconf 92' lang='lat' dir='ltr'>et</span> <span class='ocrx_word' id='word_1_89' title='bbox 442 1183 605 1244; x_wconf 91' lang='lat' dir='ltr'>liberalium</span> <span class='ocrx_word' id='word_1_90' title='bbox 623 1186 724 1245; x_wconf 91' lang='lat' dir='ltr'>artium</span> <span class='ocrx_word' id='word_1_91' title='bbox 745 1183 901 1262; x_wconf 86' lang='lat' dir='ltr'>doctores,</span> <span class='ocrx_word' id='word_1_92' title='bbox 925 1201 983 1263; x_wconf 92' lang='lat' dir='ltr'>quo</span> <span class='ocrx_word' id='word_1_93' title='bbox 1000 1182 1091 1244; x_wconf 89' lang='lat' dir='ltr'>libeu-</span> 
     </span>
     <span class='ocr_line' id='line_1_13' title="bbox 86 1265 1091 1350; baseline 0 -22"><span class='ocrx_word' id='word_1_94' title='bbox 86 1270 143 1328; x_wconf 88' lang='lat' dir='ltr'>tius</span> <span class='ocrx_word' id='word_1_95' title='bbox 166 1273 195 1326; x_wconf 87' lang='lat' dir='ltr'>et</span> <span class='ocrx_word' id='word_1_96' title='bbox 213 1265 271 1343; x_wconf 92' lang='lat' dir='ltr'>ipsi</span> <span class='ocrx_word' id='word_1_97' title='bbox 289 1265 392 1325; x_wconf 90' lang='lat' dir='ltr'>urbem</span> <span class='ocrx_word' id='word_1_98' title='bbox 412 1267 576 1326; x_wconf 89' lang='lat' dir='ltr'>incolerent</span> <span class='ocrx_word' id='word_1_99' title='bbox 597 1276 627 1326; x_wconf 92' lang='lat' dir='ltr'>et</span> <span class='ocrx_word' id='word_1_100' title='bbox 648 1271 738 1329; x_wconf 90' lang='lat' dir='ltr'>ceteri</span> <span class='ocrx_word' id='word_1_101' title='bbox 760 1269 950 1350; x_wconf 86' lang='lat' dir='ltr'>adpeterent,</span> <span class='ocrx_word' id='word_1_102' title='bbox 974 1268 1091 1329; x_wconf 87' lang='lat' dir='ltr'>civitate</span> 
     </span>
     <span class='ocr_line' id='line_1_14' title="bbox 88 1347 1091 1426; baseline 0.002 -16"><span class='ocrx_word' id='word_1_103' title='bbox 88 1348 238 1413; x_wconf 78' lang='lat' dir='ltr'>donaritt</span> <span class='ocrx_word' id='word_1_104' title='bbox 252 1347 297 1406; x_wconf 86' lang='lat' dir='ltr'>lle</span> <span class='ocrx_word' id='word_1_105' title='bbox 318 1349 450 1426; x_wconf 88' lang='lat' dir='ltr'>pecuniis</span> <span class='ocrx_word' id='word_1_106' title='bbox 473 1351 594 1423; x_wconf 89' lang='lat' dir='ltr'>mutuis,</span> <span class='ocrx_word' id='word_1_107' title='bbox 623 1349 743 1410; x_wconf 90' lang='lat' dir='ltr'>disiecta</span> <span class='ocrx_word' id='word_1_108' title='bbox 767 1370 908 1414; x_wconf 86' lang='lat' dir='ltr'>novarum</span> <span class='ocrx_word' id='word_1_109' title='bbox 929 1353 1091 1414; x_wconf 89' lang='lat' dir='ltr'>tabularum</span> 
     </span>
     <span class='ocr_line' id='line_1_15' title="bbox 90 1429 1093 1510; baseline -0.001 -17"><span class='ocrx_word' id='word_1_110' title='bbox 90 1430 330 1510; x_wconf 83' lang='lat' dir='ltr'>exspectatione,</span> <span class='ocrx_word' id='word_1_111' title='bbox 344 1445 420 1508; x_wconf 91' lang='lat' dir='ltr'>quae</span> <span class='ocrx_word' id='word_1_112' title='bbox 439 1429 544 1488; x_wconf 90' lang='lat' dir='ltr'>crebro</span> <span class='ocrx_word' id='word_1_113' title='bbox 562 1430 751 1506; x_wconf 85' lang='lat' dir='ltr'>movebatur,</span> <span class='ocrx_word' id='word_1_114' title='bbox 769 1432 901 1493; x_wconf 86' lang='lat' dir='ltr'>decrerit</span> <span class='ocrx_word' id='word_1_115' title='bbox 917 1434 1048 1509; x_wconf 86' lang='lat' dir='ltr'>taudem,</span> <span class='ocrx_word' id='word_1_116' title='bbox 1063 1443 1093 1492; x_wconf 89' lang='lat' dir='ltr'>ut</span> 
     </span>
     <span class='ocr_line' id='line_1_16' title="bbox 54 1510 1131 1593; baseline 0.001 -21"><span class='ocrx_word' id='word_1_117' title='bbox 54 1531 80 1573; x_wconf 81' lang='grc' dir='ltr'>ιι</span> <span class='ocrx_word' id='word_1_118' title='bbox 90 1515 241 1579; x_wconf 88' lang='lat' dir='ltr'>debitores</span> <span class='ocrx_word' id='word_1_119' title='bbox 257 1510 450 1574; x_wconf 86' lang='lat' dir='ltr'>creditoribus</span> <span class='ocrx_word' id='word_1_120' title='bbox 470 1512 688 1573; x_wconf 79' lang='lat' dir='ltr'>satisfacerent</span> <span class='ocrx_word' id='word_1_121' title='bbox 706 1530 759 1591; x_wconf 89' lang='lat' dir='ltr'>per</span> <span class='ocrx_word' id='word_1_122' title='bbox 781 1515 1010 1575; x_wconf 87' lang='lat' dir='ltr'>aestimationem</span> <span class='ocrx_word' id='word_1_123' title='bbox 1025 1531 1093 1593; x_wconf 93' lang='lat' dir='ltr'>pos·</span> <span class='ocrx_word' id='word_1_124' title='bbox 1117 1532 1131 1565; x_wconf 79' lang='lat'>¹:</span> 
     </span>
     <span class='ocr_line' id='line_1_17' title="bbox 90 1594 1094 1677; baseline -0.007 -13"><span class='ocrx_word' id='word_1_125' title='bbox 90 1601 268 1676; x_wconf 84' lang='lat' dir='ltr'>sessionum,</span> <span class='ocrx_word' id='word_1_126' title='bbox 285 1599 383 1677; x_wconf 92' lang='lat' dir='ltr'>quanti</span> <span class='ocrx_word' id='word_1_127' title='bbox 400 1614 532 1677; x_wconf 86' lang='lat' dir='ltr'>quasque</span> <span class='ocrx_word' id='word_1_128' title='bbox 547 1605 614 1657; x_wconf 91' lang='lat' dir='ltr'>ante</span> <span class='ocrx_word' id='word_1_129' title='bbox 630 1595 717 1656; x_wconf 89' lang='lat' dir='ltr'>civile</span> <span class='ocrx_word' id='word_1_130' title='bbox 738 1594 845 1657; x_wconf 92' lang='lat' dir='ltr'>bellum</span> <span class='ocrx_word' id='word_1_131' title='bbox 861 1607 1094 1675; x_wconf 88' lang='lat' dir='ltr'>comparassent,</span> 
     </span>
     <span class='ocr_line' id='line_1_18' title="bbox 90 1681 1094 1760; baseline -0.007 -13"><span class='ocrx_word' id='word_1_132' title='bbox 90 1685 214 1748; x_wconf 83' lang='lat' dir='ltr'>deducto</span> <span class='ocrx_word' id='word_1_133' title='bbox 236 1698 364 1744; x_wconf 90' lang='lat' dir='ltr'>summae</span> <span class='ocrx_word' id='word_1_134' title='bbox 387 1683 464 1743; x_wconf 90' lang='lat' dir='ltr'>aeris</span> <span class='ocrx_word' id='word_1_135' title='bbox 485 1681 589 1759; x_wconf 88' lang='lat' dir='ltr'>alieni,</span> <span class='ocrx_word' id='word_1_136' title='bbox 613 1683 636 1741; x_wconf 89' lang='lat' dir='ltr'>si</span> <span class='ocrx_word' id='word_1_137' title='bbox 657 1681 726 1760; x_wconf 93' lang='lat' dir='ltr'>quid</span> <span class='ocrx_word' id='word_1_138' title='bbox 747 1699 851 1741; x_wconf 87' lang='lat' dir='ltr'>usurae</span> <span class='ocrx_word' id='word_1_139' title='bbox 867 1681 983 1742; x_wconf 91' lang='lat' dir='ltr'>nomine</span> <span class='ocrx_word' id='word_1_140' title='bbox 997 1699 1094 1742; x_wconf 90' lang='lat' dir='ltr'>uume-</span> 
     </span>
     <span class='ocr_line' id='line_1_19' title="bbox 89 1765 1094 1848; baseline -0.007 -16"><span class='ocrx_word' id='word_1_141' title='bbox 89 1778 181 1832; x_wconf 86' lang='lat' dir='ltr'>ratnun</span> <span class='ocrx_word' id='word_1_142' title='bbox 204 1776 253 1830; x_wconf 90' lang='lat' dir='ltr'>aut</span> <span class='ocrx_word' id='word_1_143' title='bbox 273 1769 467 1848; x_wconf 91' lang='lat' dir='ltr'>perscriptum</span> <span class='ocrx_word' id='word_1_144' title='bbox 488 1767 607 1837; x_wconf 85' lang='lat' dir='ltr'>luisset;</span> <span class='ocrx_word' id='word_1_145' title='bbox 628 1784 685 1846; x_wconf 91' lang='lat' dir='ltr'>qua</span> <span class='ocrx_word' id='word_1_146' title='bbox 708 1765 881 1828; x_wconf 89' lang='lat' dir='ltr'>condicione</span> <span class='ocrx_word' id='word_1_147' title='bbox 905 1775 1007 1846; x_wconf 90' lang='lat' dir='ltr'>quarta</span> <span class='ocrx_word' id='word_1_148' title='bbox 1025 1784 1094 1848; x_wconf 91' lang='lat' dir='ltr'>pars</span> 
     </span>
     <span class='ocr_line' id='line_1_20' title="bbox 91 1850 1094 1931; baseline -0.005 -16"><span class='ocrx_word' id='word_1_149' title='bbox 91 1855 155 1915; x_wconf 87' lang='lat' dir='ltr'>iere</span> <span class='ocrx_word' id='word_1_150' title='bbox 175 1851 279 1914; x_wconf 88' lang='lat' dir='ltr'>crediti</span> <span class='ocrx_word' id='word_1_151' title='bbox 297 1852 459 1931; x_wconf 85' lang='lat' dir='ltr'>deperibat.</span> <span class='ocrx_word' id='word_1_152' title='bbox 498 1850 608 1913; x_wconf 81' lang='lat' dir='ltr'>Cuncta</span> <span class='ocrx_word' id='word_1_153' title='bbox 633 1851 777 1929; x_wconf 87' lang='lat' dir='ltr'>collegia,</span> <span class='ocrx_word' id='word_1_154' title='bbox 801 1859 918 1930; x_wconf 89' lang='lat' dir='ltr'>praeter</span> <span class='ocrx_word' id='word_1_155' title='bbox 938 1852 1094 1931; x_wconf 91' lang='lat' dir='ltr'>antiquitus</span> 
     </span>
     <span class='ocr_line' id='line_1_21' title="bbox 57 1935 1094 2012; baseline 0.001 -18"><span class='ocrx_word' id='word_1_156' title='bbox 57 1937 266 2012; x_wconf 81' lang='lat' dir='ltr'>aoconstituta,</span> <span class='ocrx_word' id='word_1_157' title='bbox 289 1935 431 1996; x_wconf 87' lang='lat' dir='ltr'>distraxit.</span> <span class='ocrx_word' id='word_1_158' title='bbox 462 1936 577 1997; x_wconf 89' lang='lat' dir='ltr'>Poenas</span> <span class='ocrx_word' id='word_1_159' title='bbox 592 1936 754 1996; x_wconf 80' lang='lat' dir='ltr'>facinorum</span> <span class='ocrx_word' id='word_1_160' title='bbox 775 1937 867 2005; x_wconf 82' lang='lat' dir='ltr'>auxit3</span> <span class='ocrx_word' id='word_1_161' title='bbox 890 1945 917 1996; x_wconf 90' lang='lat' dir='ltr'>et</span> <span class='ocrx_word' id='word_1_162' title='bbox 934 1955 997 1996; x_wconf 92' lang='lat' dir='ltr'>cum</span> <span class='ocrx_word' id='word_1_163' title='bbox 1013 1936 1094 1997; x_wconf 89' lang='lat' dir='ltr'>locu-</span> 
     </span>
    </p>

    <p class='ocr_par' dir='ltr' id='par_1_3' title="bbox 10 1994 1094 2103">
     <span class='ocr_line' id='line_1_22' title="bbox 10 1994 1094 2103; baseline -0.003 -22"><span class='ocrx_word' id='word_1_164' title='bbox 10 1994 18 2103; x_wconf 59' lang='lat' dir='ltr'>l</span> <span class='ocrx_word' id='word_1_165' title='bbox 91 2022 190 2102; x_wconf 88' lang='lat' dir='ltr'>pletes</span> <span class='ocrx_word' id='word_1_166' title='bbox 205 2034 242 2078; x_wconf 92' lang='lat' dir='ltr'>eo</span> <span class='ocrx_word' id='word_1_167' title='bbox 260 2017 375 2077; x_wconf 86' lang='lat' dir='ltr'>lucilius</span> <span class='ocrx_word' id='word_1_168' title='bbox 390 2018 506 2078; x_wconf 90' lang='lat' dir='ltr'>scelere</span> <span class='ocrx_word' id='word_1_169' title='bbox 520 2037 553 2078; x_wconf 92' lang='lat' dir='ltr'>se</span> <span class='ocrx_word' id='word_1_170' title='bbox 569 2018 747 2097; x_wconf 87' lang='lat' dir='ltr'>obligarent,</span> <span class='ocrx_word' id='word_1_171' title='bbox 775 2018 853 2098; x_wconf 90' lang='lat' dir='ltr'>quod</span> <span class='ocrx_word' id='word_1_172' title='bbox 872 2020 993 2099; x_wconf 88' lang='lat' dir='ltr'>integris</span> <span class='ocrx_word' id='word_1_173' title='bbox 1008 2019 1094 2101; x_wconf 87' lang='lat' dir='ltr'>patri·</span> 
     </span>
    </p>

    <p class='ocr_par' dir='ltr' id='par_1_4' title="bbox 10 2098 1094 2181">
     <span class='ocr_line' id='line_1_23' title="bbox 10 2098 1094 2181; baseline -0.003 -15"><span class='ocrx_word' id='word_1_174' title='bbox 10 2116 12 2121; x_wconf 84' lang='lat'>&#39;</span> <span class='ocrx_word' id='word_1_175' title='bbox 90 2102 196 2166; x_wconf 90' lang='lat' dir='ltr'>moniis</span> <span class='ocrx_word' id='word_1_176' title='bbox 211 2098 381 2177; x_wconf 86' lang='lat' dir='ltr'>exulabant,</span> <span class='ocrx_word' id='word_1_177' title='bbox 403 2102 580 2181; x_wconf 89' lang='lat' dir='ltr'>parricidas,</span> <span class='ocrx_word' id='word_1_178' title='bbox 602 2111 632 2161; x_wconf 85' lang='lat' dir='ltr'>ut</span> <span class='ocrx_word' id='word_1_179' title='bbox 649 2101 755 2163; x_wconf 78' lang='lat' dir='ltr'>Cicero</span> <span class='ocrx_word' id='word_1_180' title='bbox 771 2103 890 2180; x_wconf 87' lang='lat' dir='ltr'>scribit,</span> <span class='ocrx_word' id='word_1_181' title='bbox 905 2101 990 2163; x_wconf 90' lang='lat' dir='ltr'>bouis</span> <span class='ocrx_word' id='word_1_182' title='bbox 1006 2105 1094 2164; x_wconf 86' lang='lat' dir='ltr'>omni-</span> 
     </span>
    </p>

    <p class='ocr_par' dir='ltr' id='par_1_5' title="bbox 10 2183 1138 2348">
     <span class='ocr_line' id='line_1_24' title="bbox 10 2183 1138 2267; baseline 0.001 -17"><span class='ocrx_word' id='word_1_183' title='bbox 10 2262 12 2267; x_wconf 32' lang='lat'>,</span> <span class='ocrx_word' id='word_1_184' title='bbox 90 2190 162 2264; x_wconf 88' lang='lat' dir='ltr'>bns,</span> <span class='ocrx_word' id='word_1_185' title='bbox 183 2184 314 2264; x_wconf 90' lang='lat' dir='ltr'>reliquos</span> <span class='ocrx_word' id='word_1_186' title='bbox 334 2183 448 2245; x_wconf 91' lang='lat' dir='ltr'>dimidia</span> <span class='ocrx_word' id='word_1_187' title='bbox 469 2193 553 2264; x_wconf 89' lang='lat' dir='ltr'>parte</span> <span class='ocrx_word' id='word_1_188' title='bbox 572 2185 710 2246; x_wconf 82' lang='lat' dir='ltr'>multavit.</span> <span class='ocrx_word' id='word_1_189' title='bbox 741 2186 790 2248; x_wconf 92' lang='lat' dir='ltr'>lus</span> <span class='ocrx_word' id='word_1_190' title='bbox 811 2187 1043 2248; x_wconf 89' lang='lat' dir='ltr'>laboriosissime</span> <span class='ocrx_word' id='word_1_191' title='bbox 1054 2195 1138 2255; x_wconf 72' lang='lat' dir='ltr'>¹acad</span> 
     </span>
     <span class='ocr_line' id='line_1_25' title="bbox 91 2267 1097 2348; baseline -0.007 -13"><span class='ocrx_word' id='word_1_192' title='bbox 91 2269 280 2335; x_wconf 75' lang='lat' dir='ltr'>severissime</span> <span class='ocrx_word' id='word_1_193' title='bbox 297 2268 379 2329; x_wconf 88' lang='lat' dir='ltr'>dixit.</span> <span class='ocrx_word' id='word_1_194' title='bbox 411 2267 648 2348; x_wconf 89' lang='lat' dir='ltr'>Repetundarum</span> <span class='ocrx_word' id='word_1_195' title='bbox 665 2273 818 2332; x_wconf 84' lang='lat' dir='ltr'>convictos</span> <span class='ocrx_word' id='word_1_196' title='bbox 833 2272 918 2332; x_wconf 88' lang='lat' dir='ltr'>etiam</span> <span class='ocrx_word' id='word_1_197' title='bbox 935 2268 1036 2330; x_wconf 90' lang='lat' dir='ltr'>ordine</span> <span class='ocrx_word' id='word_1_198' title='bbox 1052 2287 1097 2328; x_wconf 90' lang='lat' dir='ltr'>se-</span> 
     </span>
    </p>

    <p class='ocr_par' dir='ltr' id='par_1_6' title="bbox 11 2353 1099 2772">
     <span class='ocr_line' id='line_1_26' title="bbox 11 2353 1099 2436; baseline -0.008 -17"><span class='ocrx_word' id='word_1_199' title='bbox 11 2418 15 2425; x_wconf 89' lang='grc'>,</span> <span class='ocrx_word' id='word_1_200' title='bbox 59 2355 207 2418; x_wconf 77' lang='lat' dir='ltr'>senatorio</span> <span class='ocrx_word' id='word_1_201' title='bbox 222 2354 321 2414; x_wconf 82' lang='lat' dir='ltr'>morit.</span> <span class='ocrx_word' id='word_1_202' title='bbox 356 2353 477 2414; x_wconf 85' lang='lat' dir='ltr'>Diremit</span> <span class='ocrx_word' id='word_1_203' title='bbox 491 2355 605 2433; x_wconf 87' lang='lat' dir='ltr'>nuptias</span> <span class='ocrx_word' id='word_1_204' title='bbox 621 2355 761 2434; x_wconf 90' lang='lat' dir='ltr'>praetorii</span> <span class='ocrx_word' id='word_1_205' title='bbox 776 2356 846 2431; x_wconf 83' lang='lat' dir='ltr'>riri,</span> <span class='ocrx_word' id='word_1_206' title='bbox 870 2355 920 2436; x_wconf 93' lang='lat' dir='ltr'>qui</span> <span class='ocrx_word' id='word_1_207' title='bbox 935 2353 1099 2432; x_wconf 88' lang='lat' dir='ltr'>digressam</span> 
     </span>
     <span class='ocr_line' id='line_1_27' title="bbox 92 2435 1099 2519; baseline -0.01 -15"><span class='ocrx_word' id='word_1_208' title='bbox 92 2439 235 2504; x_wconf 83' lang='lat' dir='ltr'>nmarito</span> <span class='ocrx_word' id='word_1_209' title='bbox 258 2445 326 2518; x_wconf 93' lang='lat' dir='ltr'>post</span> <span class='ocrx_word' id='word_1_210' title='bbox 347 2436 463 2498; x_wconf 90' lang='lat' dir='ltr'>biduum</span> <span class='ocrx_word' id='word_1_211' title='bbox 485 2439 580 2499; x_wconf 91' lang='lat' dir='ltr'>statim</span> <span class='ocrx_word' id='word_1_212' title='bbox 600 2438 738 2518; x_wconf 89' lang='lat' dir='ltr'>duxerat,</span> <span class='ocrx_word' id='word_1_213' title='bbox 760 2439 891 2519; x_wconf 77' lang='lat' dir='ltr'>quamvis</span> <span class='ocrx_word' id='word_1_214' title='bbox 914 2441 977 2500; x_wconf 89' lang='lat' dir='ltr'>sine</span> <span class='ocrx_word' id='word_1_215' title='bbox 998 2435 1099 2517; x_wconf 90' lang='lat' dir='ltr'>probri</span> 
     </span>
     <span class='ocr_line' id='line_1_28' title="bbox 93 2520 1097 2605; baseline -0.006 -18"><span class='ocrx_word' id='word_1_216' title='bbox 93 2522 265 2604; x_wconf 78' lang='lat' dir='ltr'>suspitione.</span> <span class='ocrx_word' id='word_1_217' title='bbox 295 2522 520 2601; x_wconf 86' lang='lat' dir='ltr'>Peregrinarum</span> <span class='ocrx_word' id='word_1_218' title='bbox 541 2525 679 2584; x_wconf 89' lang='lat' dir='ltr'>mercium</span> <span class='ocrx_word' id='word_1_219' title='bbox 696 2525 826 2605; x_wconf 88' lang='lat' dir='ltr'>portoria</span> <span class='ocrx_word' id='word_1_220' title='bbox 845 2523 973 2585; x_wconf 89' lang='lat' dir='ltr'>instituit.</span> <span class='ocrx_word' id='word_1_221' title='bbox 1003 2520 1097 2582; x_wconf 84' lang='lat' dir='ltr'>becti-</span> 
     </span>
     <span class='ocr_line' id='line_1_29' title="bbox 94 2607 1098 2689; baseline -0.006 -18"><span class='ocrx_word' id='word_1_222' title='bbox 94 2626 193 2671; x_wconf 87' lang='lat' dir='ltr'>csrnm</span> <span class='ocrx_word' id='word_1_223' title='bbox 207 2625 304 2684; x_wconf 88' lang='lat' dir='ltr'>usum,</span> <span class='ocrx_word' id='word_1_224' title='bbox 324 2608 393 2667; x_wconf 91' lang='lat' dir='ltr'>item</span> <span class='ocrx_word' id='word_1_225' title='bbox 410 2607 611 2683; x_wconf 77' lang='lat' dir='ltr'>conchyliatae</span> <span class='ocrx_word' id='word_1_226' title='bbox 628 2611 720 2670; x_wconf 84' lang='lat' dir='ltr'>vestis</span> <span class='ocrx_word' id='word_1_227' title='bbox 743 2618 772 2670; x_wconf 90' lang='lat' dir='ltr'>et</span> <span class='ocrx_word' id='word_1_228' title='bbox 791 2609 1025 2689; x_wconf 87' lang='lat' dir='ltr'>margaritarum,</span> <span class='ocrx_word' id='word_1_229' title='bbox 1043 2607 1098 2667; x_wconf 89' lang='lat' dir='ltr'>nisi</span> 
     </span>
     <span class='ocr_line' id='line_1_30' title="bbox 94 2690 1096 2772; baseline -0.003 -17"><span class='ocrx_word' id='word_1_230' title='bbox 94 2693 184 2755; x_wconf 83' lang='lat' dir='ltr'>certis</span> <span class='ocrx_word' id='word_1_231' title='bbox 199 2690 335 2771; x_wconf 89' lang='lat' dir='ltr'>personis</span> <span class='ocrx_word' id='word_1_232' title='bbox 351 2700 382 2751; x_wconf 87' lang='lat' dir='ltr'>et</span> <span class='ocrx_word' id='word_1_233' title='bbox 396 2690 537 2752; x_wconf 90' lang='lat' dir='ltr'>aetatibus</span> <span class='ocrx_word' id='word_1_234' title='bbox 553 2710 665 2772; x_wconf 89' lang='lat' dir='ltr'>perque</span> <span class='ocrx_word' id='word_1_235' title='bbox 682 2701 780 2754; x_wconf 85' lang='lat' dir='ltr'>certos</span> <span class='ocrx_word' id='word_1_236' title='bbox 797 2691 875 2771; x_wconf 89' lang='lat' dir='ltr'>dies,</span> <span class='ocrx_word' id='word_1_237' title='bbox 899 2692 1013 2754; x_wconf 89' lang='lat' dir='ltr'>ademit.</span> <span class='ocrx_word' id='word_1_238' title='bbox 1044 2692 1096 2752; x_wconf 80' lang='lat' dir='ltr'>le-</span> 
     </span>
    </p>

    <p class='ocr_par' dir='ltr' id='par_1_7' title="bbox 62 2775 1098 3175">
     <span class='ocr_line' id='line_1_31' title="bbox 62 2775 1096 2858; baseline 0 -22"><span class='ocrx_word' id='word_1_239' title='bbox 62 2792 162 2857; x_wconf 75' lang='lat' dir='ltr'>atgsm</span> <span class='ocrx_word' id='word_1_240' title='bbox 184 2775 343 2854; x_wconf 85' lang='lat' dir='ltr'>praecipue</span> <span class='ocrx_word' id='word_1_241' title='bbox 365 2777 568 2854; x_wconf 89' lang='lat' dir='ltr'>sumptuariam</span> <span class='ocrx_word' id='word_1_242' title='bbox 594 2779 740 2855; x_wconf 88' lang='lat' dir='ltr'>exercuit,</span> <span class='ocrx_word' id='word_1_243' title='bbox 770 2776 920 2858; x_wconf 91' lang='lat' dir='ltr'>dispositis</span> <span class='ocrx_word' id='word_1_244' title='bbox 942 2778 1019 2838; x_wconf 89' lang='lat' dir='ltr'>circa</span> <span class='ocrx_word' id='word_1_245' title='bbox 1040 2794 1096 2836; x_wconf 88' lang='lat' dir='ltr'>ma-</span> 
     </span>
     <span class='ocr_line' id='line_1_32' title="bbox 94 2858 1097 2938; baseline -0.003 -15"><span class='ocrx_word' id='word_1_246' title='bbox 94 2859 203 2923; x_wconf 78' lang='lat' dir='ltr'>cellum</span> <span class='ocrx_word' id='word_1_247' title='bbox 216 2858 400 2935; x_wconf 86' lang='lat' dir='ltr'>custodibus,</span> <span class='ocrx_word' id='word_1_248' title='bbox 418 2860 467 2938; x_wconf 92' lang='lat' dir='ltr'>qui</span> <span class='ocrx_word' id='word_1_249' title='bbox 482 2859 605 2921; x_wconf 89' lang='lat' dir='ltr'>obsonia</span> <span class='ocrx_word' id='word_1_250' title='bbox 621 2871 722 2923; x_wconf 91' lang='lat' dir='ltr'>contra</span> <span class='ocrx_word' id='word_1_251' title='bbox 739 2862 858 2923; x_wconf 89' lang='lat' dir='ltr'>vetitum</span> <span class='ocrx_word' id='word_1_252' title='bbox 874 2862 1032 2923; x_wconf 86' lang='lat' dir='ltr'>retinerent</span> <span class='ocrx_word' id='word_1_253' title='bbox 1048 2860 1097 2920; x_wconf 91' lang='lat' dir='ltr'>de·</span> 
     </span>
     <span class='ocr_line' id='line_1_33' title="bbox 93 2941 1098 3026; baseline -0.003 -20"><span class='ocrx_word' id='word_1_254' title='bbox 93 2952 304 3026; x_wconf 82' lang='lat' dir='ltr'>portarentque</span> <span class='ocrx_word' id='word_1_255' title='bbox 323 2941 424 3021; x_wconf 86' lang='lat' dir='ltr'>adse,</span> <span class='ocrx_word' id='word_1_256' title='bbox 446 2942 597 3006; x_wconf 89' lang='lat' dir='ltr'>submissis</span> <span class='ocrx_word' id='word_1_257' title='bbox 613 2963 825 3026; x_wconf 86' lang='lat' dir='ltr'>nonnumquam</span> <span class='ocrx_word' id='word_1_258' title='bbox 838 2945 992 3007; x_wconf 90' lang='lat' dir='ltr'>lictoribus</span> <span class='ocrx_word' id='word_1_259' title='bbox 1011 2953 1098 3023; x_wconf 88' lang='lat' dir='ltr'>atque</span> 
     </span>
     <span class='ocr_line' id='line_1_34' title="bbox 92 3027 1098 3110; baseline -0.005 -19"><span class='ocrx_word' id='word_1_260' title='bbox 92 3027 246 3106; x_wconf 81' lang='lat' dir='ltr'>militibus,</span> <span class='ocrx_word' id='word_1_261' title='bbox 265 3028 329 3108; x_wconf 91' lang='lat' dir='ltr'>qui,</span> <span class='ocrx_word' id='word_1_262' title='bbox 352 3029 376 3088; x_wconf 91' lang='lat' dir='ltr'>si</span> <span class='ocrx_word' id='word_1_263' title='bbox 404 3045 461 3107; x_wconf 92' lang='lat' dir='ltr'>qua</span> <span class='ocrx_word' id='word_1_264' title='bbox 478 3028 616 3090; x_wconf 87' lang='lat' dir='ltr'>custodes</span> <span class='ocrx_word' id='word_1_265' title='bbox 637 3030 827 3108; x_wconf 72' lang='lat' dir='ltr'>fefellissent,</span> <span class='ocrx_word' id='word_1_266' title='bbox 850 3031 907 3092; x_wconf 89' lang='lat' dir='ltr'>lam</span> <span class='ocrx_word' id='word_1_267' title='bbox 926 3029 1059 3110; x_wconf 88' lang='lat' dir='ltr'>adposita</span> <span class='ocrx_word' id='word_1_268' title='bbox 1081 3046 1098 3087; x_wconf 88' lang='lat' dir='ltr'>e</span> 
     </span>
     <span class='ocr_line' id='line_1_35' title="bbox 93 3109 391 3175; baseline -0.017 0"><span class='ocrx_word' id='word_1_269' title='bbox 93 3110 220 3175; x_wconf 76' lang='lat' dir='ltr'>biclinio</span> <span class='ocrx_word' id='word_1_270' title='bbox 235 3109 391 3173; x_wconf 81' lang='lat' dir='ltr'>auferrent.</span> 
     </span>
    </p>

    <p class='ocr_par' dir='ltr' id='par_1_8' title="bbox 10 3193 1142 3448">
     <span class='ocr_line' id='line_1_36' title="bbox 10 3193 1142 3279; baseline -0.003 -20"><span class='ocrx_word' id='word_1_271' title='bbox 10 3220 18 3259; x_wconf 88' lang='grc' dir='ltr'><strong>ι</strong></span> <span class='ocrx_word' id='word_1_272' title='bbox 63 3213 87 3258; x_wconf 83' lang='lat' dir='ltr'>ss</span> <span class='ocrx_word' id='word_1_273' title='bbox 154 3193 231 3258; x_wconf 77' lang='lat' dir='ltr'>Nam</span> <span class='ocrx_word' id='word_1_274' title='bbox 255 3195 292 3256; x_wconf 90' lang='lat' dir='ltr'>de</span> <span class='ocrx_word' id='word_1_275' title='bbox 320 3195 448 3257; x_wconf 90' lang='lat' dir='ltr'>ornanda</span> <span class='ocrx_word' id='word_1_276' title='bbox 473 3196 698 3279; x_wconf 90' lang='lat' dir='ltr'>instmendaque</span> <span class='ocrx_word' id='word_1_277' title='bbox 721 3199 808 3278; x_wconf 88' lang='lat' dir='ltr'>urbe,</span> <span class='ocrx_word' id='word_1_278' title='bbox 836 3199 906 3261; x_wconf 90' lang='lat' dir='ltr'>ite&#39;m</span> <span class='ocrx_word' id='word_1_279' title='bbox 928 3197 965 3258; x_wconf 89' lang='lat' dir='ltr'>de</span> <span class='ocrx_word' id='word_1_280' title='bbox 991 3196 1098 3257; x_wconf 89' lang='lat' dir='ltr'>tuendo</span> <span class='ocrx_word' id='word_1_281' title='bbox 1107 3203 1142 3256; x_wconf 75' lang='lat'>44</span> 
     </span>
     <span class='ocr_line' id='line_1_37' title="bbox 93 3278 1096 3361; baseline -0.001 -18"><span class='ocrx_word' id='word_1_282' title='bbox 93 3278 260 3361; x_wconf 66' lang='lat' dir='ltr'>npllando</span> <span class='ocrx_word' id='word_1_283' title='bbox 284 3298 320 3341; x_wconf 89' lang='lat' dir='ltr'>ue</span> <span class='ocrx_word' id='word_1_284' title='bbox 344 3281 467 3360; x_wconf 90' lang='lat' dir='ltr'>imperio</span> <span class='ocrx_word' id='word_1_285' title='bbox 488 3281 572 3360; x_wconf 90' lang='lat' dir='ltr'>plura</span> <span class='ocrx_word' id='word_1_286' title='bbox 595 3301 630 3344; x_wconf 89' lang='lat' dir='ltr'>ac</span> <span class='ocrx_word' id='word_1_287' title='bbox 649 3285 760 3346; x_wconf 86' lang='lat' dir='ltr'>maiora</span> <span class='ocrx_word' id='word_1_288' title='bbox 780 3285 811 3344; x_wconf 90' lang='lat' dir='ltr'>in</span> <span class='ocrx_word' id='word_1_289' title='bbox 831 3283 896 3344; x_wconf 90' lang='lat' dir='ltr'>dies</span> <span class='ocrx_word' id='word_1_290' title='bbox 920 3280 1096 3342; x_wconf 88' lang='lat' dir='ltr'>destinabat:</span> 
     </span>
     <span class='ocr_line' id='line_1_38' title="bbox 92 3298 1097 3448; baseline -0.002 -21"><span class='ocrx_word' id='word_1_291' title='bbox 92 3366 123 3427; x_wconf 85' lang='lat' dir='ltr'>in</span> <span class='ocrx_word' id='word_1_292' title='bbox 137 3364 241 3447; x_wconf 84' lang='lat' dir='ltr'>primis</span> <span class='ocrx_word' id='word_1_293' title='bbox 252 3298 353 3426; x_wconf 59' lang='lat' dir='ltr'>lienus</span> <span class='ocrx_word' id='word_1_294' title='bbox 368 3365 520 3446; x_wconf 87' lang='lat' dir='ltr'>templum,</span> <span class='ocrx_word' id='word_1_295' title='bbox 537 3376 672 3446; x_wconf 89' lang='lat' dir='ltr'>quantum</span> <span class='ocrx_word' id='word_1_296' title='bbox 683 3386 825 3448; x_wconf 81' lang='lat' dir='ltr'>nusquam</span> <span class='ocrx_word' id='word_1_297' title='bbox 841 3373 936 3441; x_wconf 88' lang='lat' dir='ltr'>esset,</span> <span class='ocrx_word' id='word_1_298' title='bbox 952 3374 1097 3441; x_wconf 84' lang='lat' dir='ltr'>extruere,</span> 
     </span>
    </p>
   </div>
   <div class='ocr_carea' id='block_1_3' title="bbox 92 3448 1099 3594">
    <p class='ocr_par' dir='ltr' id='par_1_9' title="bbox 92 3448 1099 3594">
     <span class='ocr_line' id='line_1_39' title="bbox 92 3448 1099 3594; baseline -0.005 -81"><span class='ocrx_word' id='word_1_299' title='bbox 92 3448 211 3533; x_wconf 78' lang='lat' dir='ltr'>repleto</span> <span class='ocrx_word' id='word_1_300' title='bbox 226 3456 256 3510; x_wconf 86' lang='lat' dir='ltr'>et</span> <span class='ocrx_word' id='word_1_301' title='bbox 274 3449 450 3530; x_wconf 87' lang='lat' dir='ltr'>conplanato</span> <span class='ocrx_word' id='word_1_302' title='bbox 466 3450 547 3530; x_wconf 92' lang='lat' dir='ltr'>lacu,</span> <span class='ocrx_word' id='word_1_303' title='bbox 570 3452 673 3532; x_wconf 89' lang='lat' dir='ltr'>inquo</span> <span class='ocrx_word' id='word_1_304' title='bbox 696 3452 894 3594; x_wconf 50' lang='lat' dir='ltr'>naumachiqe*</span> <span class='ocrx_word' id='word_1_305' title='bbox 902 3449 1099 3528; x_wconf 86' lang='lat' dir='ltr'>spectaculum</span> 
     </span>
    </p>
   </div>
   <div class='ocr_carea' id='block_1_4' title="bbox 0 0 1172 3870">
    <p class='ocr_par' dir='ltr' id='par_1_10' title="bbox 0 0 1172 3870">
     <span class='ocr_line' id='line_1_40' title="bbox 0 0 1172 3870; baseline 0 0"><span class='ocrx_word' id='word_1_306' title='bbox 0 0 1172 3870; x_wconf 95' lang='lat' dir='ltr'> </span> 
     </span>
    </p>
   </div>
  </div>
 </body>
</html>
