2286 3862
154 207 212 268 146
244 217 274 265 c.
288 215 439 264 souuoru
456 216 584 276 annno.
599 215 646 263 ou
661 215 744 263 vias
760 215 957 267 causum
970 219 1050 268 ons.
1064 221 1074 268 1

152 374 287 436 auxilium
301 379 540 448 accucurrerunt,
568 387 636 430 mox
650 370 785 431 Germani
801 373 944 452 corporis
960 375 1074 436 custod

151 458 305 520 nonnullos
334 476 371 518 ex
396 455 636 537 percussoribus,
664 456 803 535 quosdam
830 459 923 518 etium
951 469 1074 520 senato:

151 545 256 604 noxios
271 544 487 602 interemerunt.

109 638 142 691 59
214 629 295 687 Vixit
310 628 390 687 annis
406 625 508 702 viginti
526 641 648 700 novem,
680 624 834 703 imperauit
853 627 991 689 triennio
1026 639 1062 688 et

150 712 298 773 mensibus
319 710 477 788 diebusque
496 717 575 769 octo.
621 706 752 769 Cadaver
767 711 829 769 eius
846 709 926 771 olan
945 715 978 771 in
998 713 1074 773 hort

150 797 261 856 miunos
279 803 472 872 asportatum,
505 803 535 853 et
555 792 736 853 tumultuario
752 810 830 872 rogo
849 797 1074 858 semiambusta

152 880 283 958 caespite
301 878 432 939 obrutum
448 888 508 954 est,
534 886 638 957 postea
652 895 706 957 por
720 894 841 937 sorores
856 878 894 939 ab
912 881 1019 943 exilio
1043 902 1074 943 re

151 972 261 1025 erutum
276 972 306 1023 et
322 972 477 1024 crematum
491 962 701 1042 sepultumque.
734 962 811 1022 sutis
832 972 966 1043 constat,
987 969 1074 1046 priua

150 1048 179 1108 id
201 1049 284 1108 tieret
301 1048 450 1108 hortorum
470 1045 606 1106 custodes
627 1046 735 1106 umbrie
755 1047 951 1126 inquietatos;
987 1054 1025 1112 in
1050 1072 1074 1113 e:

150 1150 206 1212 que
229 1132 334 1206 domo,
364 1133 393 1189 in
415 1148 471 1209 qua
494 1130 679 1207 occubuerit,
707 1130 814 1190 nullam
830 1141 954 1194 noctem
982 1138 1058 1198 sine

150 1226 264 1276 terrore
287 1223 477 1292 transactum,
505 1214 600 1275 donec
622 1216 686 1294 ipsu
704 1214 806 1275 domus
826 1216 969 1280 incendio
998 1238 1074 1282 com

150 1301 196 1359 sit.
241 1299 319 1359 Perit
343 1318 397 1359 nna
423 1308 451 1359 et
478 1316 551 1359 uxor
567 1297 710 1360 Caesonia
733 1299 831 1378 gladio
854 1319 870 1361 a
894 1307 1074 1367 centuriom

149 1384 246 1460 fossa,
269 1392 297 1443 et
314 1383 371 1444 iilia
385 1385 488 1463 parieti
503 1383 597 1445 inlisa.

108 1475 142 1530 60
211 1466 414 1530 Condicionem
428 1478 590 1548 temporum
605 1468 720 1528 illorum
733 1469 818 1528 etium
838 1486 893 1547 per
912 1468 997 1532 haec
1015 1493 1074 1535 aes

149 1555 241 1632 quivis
257 1557 360 1634 possit.
394 1552 467 1614 Nam
481 1571 578 1632 neque
594 1553 684 1614 caude
699 1553 816 1630 vulgatu
831 1553 928 1613 statim
947 1558 1074 1621 creditu

148 1638 259 1716 fuitque
287 1640 424 1718 suspitio,
456 1639 491 1698 ab
514 1640 579 1717 ipso
602 1637 672 1698 Gaio
695 1637 797 1697 famum
819 1636 919 1697 caedis
948 1643 1074 1706 simulat

150 1724 299 1798 emissam,
329 1731 360 1783 ut
382 1740 418 1782 eo
442 1731 529 1801 puoto
545 1722 689 1782 hominum
710 1739 782 1798 erga
802 1739 835 1781 su
858 1731 977 1784 mentes
1003 1727 1074 1810 dep:

149 1805 245 1875 deret;
276 1824 372 1884 neque
388 1807 529 1865 coniurati
552 1808 682 1885 cuiquam
700 1807 849 1886 imperium
869 1805 1074 1874 destinaveru

149 1897 266 1948 senatus
281 1891 311 1949 in
336 1890 493 1951 asserenda
514 1889 649 1951 libertate
671 1891 745 1951 adeo
767 1891 933 1968 consensit,
968 1905 1004 1954 ut
1032 1915 1072 1958 oo

150 1973 242 2050 primo
267 1990 324 2032 non
346 1974 374 2032 in
393 1976 513 2052 curiam,
545 1978 611 2053 quia
637 1973 708 2034 Iulia
738 1973 913 2052 vocabatur,
946 1979 1062 2041 sedin

149 2055 247 2114 tolium
265 2060 466 2136 convocarint,
494 2059 608 2138 quidam
624 2077 696 2120 vero
715 2059 875 2119 sententiae
892 2058 965 2122 loco
985 2063 1074 2126 abolu

150 2138 305 2200 Caesarum
320 2145 486 2204 memoriam
502 2161 537 2203 ao
557 2143 695 2204 diruenda
711 2143 818 2222 templu
836 2147 1021 2207 censuerint.
1063 2151 1074 2211 i

148 2234 243 2285 votum
272 2235 366 2287 autem
395 2237 578 2307 notatumque
596 2237 642 2288 est
669 2231 696 2287 in
722 2228 836 2307 primis,
869 2222 1025 2292 caesares
1056 2253 1074 2295 o

148 2309 250 2391 quibus
276 2310 326 2372 Gai
352 2330 528 2391 praenomen
554 2313 654 2388 fuerit,
680 2312 759 2372 ferro
787 2311 918 2392 perisse,
951 2315 1015 2376 ium
1040 2319 1074 2379 in

148 2411 201 2471 eo,
232 2397 278 2475 qui
298 2395 433 2457 Cinnanis
448 2396 627 2476 temporibus
641 2398 677 2457 sit
692 2398 817 2458 occisus.
