2334 3870
104 175 144 238 58
183 184 212 235 c.
232 183 384 232 suunoru
405 182 534 242 ccmo.
550 182 598 229 nn
613 184 697 230 vms
713 182 898 232 causacum
914 185 986 234 nun.
1009 189 1050 236 11.

102 338 416 420 concreatricem.
443 337 584 416 Fecitque
604 354 817 416 nonnumquam
830 340 949 400 vicatim
968 360 1006 403 ac
1025 344 1114 423 pluri·

104 429 159 488 bus
180 427 296 488 scaenis
317 441 372 501 per
393 422 517 481 omnium
536 422 699 498 linguarum
720 421 879 483 histriones
902 425 921 463 ⁴¹
936 425 985 463 *⁴
1004 444 1065 488 non
1086 432 1115 489 in

102 514 169 574 lore
186 510 291 586 modo,
312 508 416 567 necin
437 505 663 584 amphitheatro,
685 505 738 566 sed
761 508 840 566 etin
862 509 941 569 circo
963 518 993 568 ct
1010 511 1040 570 in
1058 513 1113 573 Se-

104 598 176 676 ptis,
197 603 227 654 et
249 590 404 672 aliquando
426 590 496 649 nihil
520 599 637 669 practer
657 591 843 651 renationem
857 592 962 664 edidit;
982 593 1109 655 athletas

104 696 232 760 quoque,
251 678 389 738 extructis
405 675 433 733 in
449 691 552 753 campo
564 674 668 734 llartio
684 673 825 736 sedilibus
839 676 960 754 ligneis3
975 678 1040 737 item
1053 693 1128 738 na-s

103 765 170 825 vale
184 762 343 842 proelium,
360 759 439 818 circa
457 758 584 819 Tiberim
601 769 704 820 cavato
720 759 801 837 solo,
823 762 852 820 in
867 779 925 840 quo
943 780 1017 822 nnnc
1034 759 1104 822 cse-

102 865 199 911 sarum
213 864 314 906 nemus
329 851 384 903 est.
417 843 528 918 Quibus
540 843 643 903 dicbus
659 844 796 905 custodes
817 846 846 904 in
866 845 941 906 urbe
955 846 1109 926 disposuit,

101 950 139 992 ne
164 931 284 991 raritate
309 929 516 987 remanentium
543 928 760 1005 grassatoribus
787 928 914 990 obnoxia
940 940 1029 991 esset.
1076 930 1110 990 ln

103 1018 183 1077 circo
208 1014 326 1091 aurigas
350 1029 544 1090 cursoresque
567 1020 596 1071 et
620 1013 805 1074 coniectores
825 1014 965 1092 feramur,
989 1023 1106 1074 etnon·

102 1116 255 1178 numquam
281 1116 319 1156 ex
339 1096 517 1157 nobilissima
540 1097 703 1174 iuventute,
728 1099 875 1176 produxit.
908 1098 966 1159 Sed
986 1106 1017 1158 et
1031 1097 1140 1158 'Pro-so

101 1187 148 1244 iae
164 1183 257 1243 lusum
273 1180 361 1240 edidit
374 1181 608 1258 frequentissime
625 1183 766 1241 maiorum
781 1183 978 1263 minorumque
998 1200 1106 1262 puero-

102 1287 181 1344 rum,
199 1265 288 1344 prisci
304 1264 462 1343 decorique
478 1266 567 1324 moris
583 1267 768 1343 existimans,
790 1267 888 1328 clarae
907 1268 1007 1346 stirpis
1027 1267 1110 1327 indo·

103 1354 161 1413 lem
176 1354 219 1411 sic
234 1358 399 1409 notescere.
424 1348 456 1408 ln
472 1349 531 1410 hoc
545 1349 658 1410 ludicro
673 1349 797 1410 Nonium
813 1350 1009 1431 Asprenatem
1024 1352 1111 1431 lapsu

103 1435 280 1498 debilitatum
296 1449 384 1493 aureo
400 1443 505 1512 torque
517 1434 635 1495 donavit
648 1453 812 1515 passusque
832 1444 879 1497 est
899 1437 993 1515 ipsum
1010 1445 1110 1516 poste·

101 1538 211 1599 rosque
238 1518 376 1598 Torquati
401 1518 481 1579 ierre
510 1536 684 1595 cognomen.
730 1521 800 1581 llox
827 1521 913 1581 linem
945 1521 1017 1581 iecit
1041 1520 1145 1580 taliata

102 1603 224 1680 edendi,
240 1602 342 1663 Asinio
357 1602 490 1662 Pollione
506 1611 624 1663 oratore
640 1606 770 1681 graviter
789 1603 992 1684 inuidioseque
1012 1606 1041 1664 in
1062 1623 1110 1665 cu·

102 1690 145 1748 ria
161 1697 265 1768 questo
280 1686 436 1747 Aesernini
450 1689 566 1765 nepotis
582 1689 625 1747 sui
642 1705 754 1765 casum,
776 1690 824 1767 qui
840 1696 870 1748 et
884 1690 950 1768 ipse
967 1707 1034 1749 crus
1052 1689 1110 1748 irc-

101 1780 196 1850 gerat.

165 1854 211 1915 Ad
224 1857 358 1914 scenicas
371 1872 488 1932 quoque
500 1863 530 1915 et
539 1854 728 1932 gladiatorias
740 1875 849 1936 operas
857 1866 887 1917 et
897 1856 1109 1936 equitibusllo·

101 1940 192 2001 manis
207 1936 361 2015 aliquando
377 1956 447 1998 usus
462 1948 516 2017 est,
531 1957 631 2000 verum
647 1942 727 2017 prius
739 1959 823 2021 quam
839 1951 957 2002 senatus
973 1941 1142 2002 consultore

102 2023 332 2084 interdiceretur.
368 2022 475 2084 Postea
497 2023 568 2083 nihil
588 2043 657 2084 sane
680 2035 884 2104 praeterquam
904 2025 1108 2087 adulescentu-

101 2109 160 2169 lum
173 2106 204 2168 h.
224 2106 313 2167 lcium
327 2107 452 2167 honeste
466 2117 562 2168 natum
580 2109 722 2188 exhihuit,
745 2119 853 2170 tantum
872 2119 903 2170 ut
923 2110 1109 2180 ostenderet3

103 2191 181 2273 quod
201 2202 263 2253 erat
280 2191 409 2272 bipedali
429 2192 539 2270 minor,
566 2192 703 2255 librarum
731 2194 940 2273 septemdecim
966 2212 1002 2255 ac
1024 2195 1110 2255 vocis

101 2280 268 2339 immensae.
310 2276 440 2353 Quodam
461 2286 556 2338 autem
577 2281 703 2339 muneris
727 2279 773 2339 die
789 2279 958 2339 Parthorum
975 2277 1108 2356 obsides,

101 2374 170 2426 tunc
186 2365 307 2443 primum
321 2364 443 2439 missos,
459 2380 513 2441 per
527 2363 648 2424 mediam
667 2382 784 2424 arenam
799 2363 835 2423 ad
851 2363 1051 2443 spectaculum
1066 2365 1107 2423 in·
1117 2377 1142 2418 ns

102 2449 182 2508 duxit
207 2465 356 2526 superque
381 2466 414 2506 se
439 2447 580 2508 subsellio
606 2448 736 2508 secundo
770 2448 935 2508 collocavit.
985 2445 1110 2508 Solebat

102 2533 187 2590 otiam
209 2532 280 2590 citra
301 2530 535 2608 spectaculorum
557 2530 637 2607 dies,
662 2532 686 2590 si
708 2531 823 2611 quando
845 2531 914 2612 quid
933 2531 1109 2592 invisitatum

102 2611 276 2690 dignumque
294 2615 410 2690 cognitu
434 2613 586 2674 advectum
606 2623 702 2692 esset,
725 2616 753 2674 id
776 2625 858 2677 extra
883 2616 1014 2677 ordinem
1035 2632 1108 2695 quo·

101 2693 173 2755 libet
189 2695 257 2755 loco
275 2695 442 2775 publicare:
464 2707 493 2756 ut
507 2697 722 2759 rhinocerotem
738 2700 815 2778 apud
830 2702 936 2780 Septa,
957 2701 1058 2778 tigrim
1079 2701 1108 2760 in

101 2797 223 2857 scaena,
240 2798 363 2858 anguem
381 2780 587 2858 quinquaginta
603 2782 763 2844 cubitorum
780 2802 834 2863 pro
854 2785 980 2846 comitio.
1115 2803 1140 2846 ss

164 2862 279 2924 Accidit
294 2865 399 2926 votivis
412 2863 607 2945 Circensibus,
624 2875 654 2926 ut
665 2878 821 2947 correptus
834 2868 988 2930 valitudine
1001 2868 1108 2930 lectica

102 2947 211 3009 cubans
227 2955 325 3009 tensas
343 2949 515 3021 deduceret;
538 2970 639 3012 rursus
655 2954 859 3014 commissione
875 2953 1025 3031 ludorum,
1044 2953 1106 3032 qni·

101 3034 155 3094 bus
171 3032 311 3092 theatrum
324 3034 456 3096 Marcelli
477 3035 643 3114 dedicabat,
666 3038 764 3098 euenit
783 3047 814 3099 ut
828 3037 934 3099 laxatis
948 3037 1042 3098 sellae
1058 3054 1107 3097 cu·

101 3119 172 3178 rulis
187 3119 377 3196 compagibus
393 3120 511 3180 caderet
525 3123 654 3201 supinus.
688 3121 835 3201 Nepotum
851 3139 970 3202 quoquc
989 3138 1107 3182 suorum

101 3219 220 3262 munere
240 3221 303 3264 cum
328 3213 541 3265 consternatum
562 3207 661 3268 ruinae
680 3215 756 3267 metu
775 3207 914 3287 populum
933 3206 1062 3267 retinere
1077 3211 1141 3270 etas

103 3287 275 3348 conlirmare
295 3288 374 3349 nullo
399 3288 485 3349 modo
506 3298 622 3368 posset,
644 3292 756 3352 transiit
778 3308 795 3350 e
818 3292 886 3351 loco
908 3308 961 3351 suo
975 3298 1063 3369 atque
1077 3290 1106 3348 in

103 3388 137 3430 ca
153 3380 237 3449 parte
252 3374 397 3451 consedit,
417 3392 491 3453 quac
508 3385 644 3454 suspecta
658 3377 780 3436 maxime
794 3384 866 3436 erat.

58 3456 93 3513 44
165 3453 324 3535 Spectandi
340 3460 570 3520 confusissimum
586 3477 621 3519 ac
637 3460 840 3520 solutissimum
854 3476 965 3520 morem
978 3458 1107 3519 correxit

952 3752 1068 3829 Q·...
