2334 3870
119 192 162 251 44
206 200 236 248 c.
252 198 402 247 sunrorn
417 196 544 256 mauu.
560 195 608 242 nn
621 193 705 240 rnna
719 190 903 239 canentur
914 193 988 243 mn.
1004 195 1045 245 11.

122 373 188 415 nnm
203 354 297 414 lacurn
308 355 395 430 mari,
418 351 526 413 edocit.
554 349 587 408 ln
601 366 658 427 qno
678 365 743 407 cum
764 345 862 405 bieme
877 355 942 408 tuta
956 350 1063 431 copias
1083 374 1131 416 ex·

123 440 283 515 creuisset,
316 437 483 515 Pompeium
506 437 582 493 inter
599 432 694 508 blylas
714 439 744 489 et
762 428 946 492 Naulochum
962 442 1130 516 superavit,

121 522 175 582 snb
190 521 292 582 boram
310 538 425 601 pugnae
441 529 497 579 tarn
517 525 580 577 arto
596 524 721 595 repente
735 531 837 574 somno
854 513 1020 595 devinctus,
1044 530 1077 580 nt
1092 524 1129 583 ad

122 605 245 666 dandum
264 607 377 682 signnm
391 603 427 664 ab
448 603 549 663 amicis
564 602 751 660 excitaretur.
786 598 873 660 Unde
888 599 1046 679 praebitam
1062 603 1124 663 An-

122 690 201 750 tonio
218 691 365 749 materiam
375 697 473 767 putem
488 682 702 764 exprobrandi,
721 683 870 744 carectis
886 683 1007 764 quddam
1020 687 1141 747 oculies

121 791 190 834 eum
204 773 348 850 aspicere
358 771 502 850 potuisse
514 769 698 829 butractum
712 767 827 844 odem,
848 783 959 830 caune
969 769 1123 849 supinum,

122 857 240 917 eoelum
254 855 433 931 intuentem,
447 852 602 932 stupridom
617 851 776 928 cubuisse,
790 869 849 912 nec
858 852 954 930 prius
966 857 1126 917 curreeis-

120 958 156 1000 se
168 956 208 1000 ac
221 939 369 1000 militibus
385 940 416 999 iu
430 943 628 1016 conspectum
644 937 765 997 omitte
775 952 869 1016 ςααοι
888 953 910 996 c
923 935 966 998 Π.
979 935 1127 1019 Agrippa

119 1023 251 1102 fugatae
264 1024 326 1084 sint
339 1024 449 1084 ostium
468 1039 575 1083 nanee
606 1020 666 1080 Alii
682 1019 788 1081 dietum
801 1020 963 1100 iactnnqne
983 1023 1046 1080 eius
1066 1026 1121 1082 eri-

123 1107 279 1184 minantur,
301 1109 381 1186 quasi
403 1105 545 1166 classibus
564 1113 738 1183 tempestate
756 1103 877 1183 perditis
898 1103 1160 1184 exclamaveram

124 1191 216 1253 etium
236 1190 332 1251 inuito
352 1187 493 1268 Neptuno
513 1188 677 1250 victorium
697 1206 733 1248 ee
746 1187 942 1268 mm,
959 1187 1053 1249 acdie
1067 1191 1126 1249 cir·

124 1276 251 1336 censium
267 1275 399 1353 proximo
416 1273 549 1333 sollemni
557 1290 683 1352 pompae
697 1273 878 1333 simulacrum
891 1269 938 1333 dei
950 1269 1127 1335 detraxerit.

123 1357 188 1418 Nec
209 1366 317 1417 temere
338 1358 422 1436 plura
445 1375 478 1418 ac
498 1358 608 1418 maiora
629 1357 760 1436 pericula
786 1356 846 1417 ullo
864 1357 921 1419 alio
944 1355 1026 1418 bello
1049 1359 1127 1420 adiit.

125 1442 261 1504 'l'raiecto
276 1443 304 1502 in
320 1443 447 1503 Siciliam
461 1443 602 1520 exercitu,
617 1459 681 1502 cnm
693 1450 804 1522 partem
820 1441 961 1522 reliquam
976 1443 1126 1521 copiarum

123 1528 281 1587 continenti
294 1536 456 1606 repeteret,
470 1545 631 1607 oppressus
648 1527 847 1605 exinproviso
864 1545 881 1587 a
894 1525 1080 1589 Demochare
1097 1537 1126 1588 et
1136 1543 1159 1584 u

123 1611 329 1691 Apollophane
346 1612 504 1689 praelectis
521 1611 656 1690 Pompei,
676 1628 731 1670 nno
752 1608 865 1670 demum
885 1612 1004 1688 navigio
1021 1628 1124 1690 aeger·

121 1696 193 1756 rime
208 1696 319 1773 effugit.
337 1695 445 1755 lterum
460 1713 523 1754 cnm
538 1703 656 1771 praeter
668 1693 779 1754 Locum
791 1694 915 1772 Regium
930 1693 1055 1774 pedibus
1070 1698 1124 1756 iret

123 1788 153 1839 et
168 1780 334 1856 prospectis
357 1777 513 1838 biremibus
528 1777 710 1857 Pompeianis
728 1786 835 1839 terram
852 1778 1037 1858 legentibus,
1057 1799 1125 1841 snas

122 1870 218 1938 ratus,
233 1859 433 1921 descendisset
447 1861 481 1921 ad
497 1861 579 1939 litus,
595 1878 689 1940 paene
705 1871 848 1942 exceptus
862 1872 917 1923 est.
940 1863 1023 1925 Pnnc
1038 1865 1125 1925 etiam

122 1965 177 2026 per
190 1944 291 2006 devios
313 1945 441 2005 tramites
455 1944 649 2022 refugientem
670 1963 773 2006 servus
786 1945 893 2007 Aemili
907 1947 989 2008 Pauli
1009 1951 1158 2010 comitisa

122 2031 198 2106 eius,
214 2026 316 2087 dolens
329 2030 524 2107 proscriptum
544 2029 612 2090 olim
632 2029 667 2090 ab
684 2047 720 2090 eo
737 2040 849 2108 patrem
863 2030 981 2092 Panium
996 2041 1026 2092 et
1041 2035 1126 2115 qnasi

122 2112 278 2172 occasione
298 2111 413 2172 ultionis
429 2112 547 2193 oblata,
572 2115 738 2174 interficere
755 2124 875 2176 conatus
895 2124 950 2176 est.

183 2194 253 2256 Post
281 2196 401 2277 Pompei
429 2198 527 2275 fugam
554 2198 733 2277 collegarum
760 2199 880 2260 alterum
905 2200 944 2261 ll.
970 2199 1125 2282 Lepidum,

120 2297 204 2360 quem
227 2298 265 2340 ex
279 2281 379 2342 Africa
402 2284 431 2342 in
452 2282 585 2343 auxilium
605 2292 760 2361 evocarat,
781 2283 1000 2363 superbientem
1019 2287 1126 2364 viginti

119 2363 267 2441 legionum
287 2366 391 2427 fiducia
411 2386 591 2447 summasque
606 2368 661 2427 sibi
679 2377 777 2447 partes
791 2377 906 2429 terrore
920 2377 950 2430 et
963 2371 1049 2431 minis
1062 2372 1156 2435 vin-u

119 2445 263 2508 dicantem
286 2451 422 2529 spoliavit
442 2453 571 2512 exercitu
586 2451 805 2533 supplicemque
820 2470 964 2514 concessa
984 2455 1044 2515 vita
1060 2452 1123 2516 (iir-

122 2533 203 2592 ceios
219 2534 248 2592 in
265 2543 436 2613 perpetuum
451 2535 606 2614 relegavit.

76 2614 109 2671 17
181 2616 220 2677 bl.
237 2616 355 2679 Antonii
371 2621 542 2680 societatem
557 2637 674 2698 semper
688 2619 802 2680 dubiam
817 2629 847 2679 et
861 2622 1001 2683 incertam
1016 2639 1123 2684 recon-

119 2698 368 2782 ciliationibusque
383 2704 471 2763 variis
484 2703 560 2764 male
578 2703 724 2765 focilatam
739 2704 854 2784 abrupit
870 2706 1001 2784 tandem,
1018 2715 1048 2766 et
1063 2724 1122 2786 qno

117 2786 210 2860 magis
228 2785 426 2863 degenerasse
442 2805 506 2846 enm
522 2805 538 2848 a
554 2788 632 2848 civili
650 2806 731 2848 more
746 2789 941 2868 approbaret,
962 2799 1120 2852 testamen·
1130 2814 1156 2856 eo

117 2876 186 2945 tum,
202 2869 277 2948 quod
293 2872 317 2929 is
332 2871 453 2949 Romae,
469 2873 554 2932 etiam
569 2871 605 2931 de
615 2870 772 2952 Cleopatra
787 2872 888 2934 liberis
903 2876 979 2935 inter
994 2874 1122 2936 heredes

117 2955 304 3032 nuncupatis,
326 2955 499 3034 reliquerat,
523 2957 709 3036 aperiundum
727 2957 965 3038 recitandumque
980 2978 1035 3039 pro
1052 2977 1121 3021 con·

118 3038 196 3096 tione
217 3039 335 3098 curavit.
377 3039 499 3100 Remisit
521 3050 615 3102 tamen
635 3041 711 3102 hosti
738 3042 863 3104 indicato
887 3044 1122 3105 necessitudines

119 3122 283 3200 amicosque
299 3140 415 3202 omnes,
437 3133 522 3204 atquc
540 3127 614 3186 inter
629 3126 701 3187 alios
719 3125 751 3187 0.
770 3128 884 3189 Sosium
905 3138 935 3188 et
950 3128 984 3190 Τ.
999 3128 1120 3191 Domiti·

117 3222 162 3263 nm
175 3213 242 3265 tunc
256 3206 347 3267 adhuc
360 3210 507 3269 consules.
524 3210 754 3273 Bononiensibus
766 3230 881 3293 quoque
895 3213 1025 3293 publice,
1042 3211 1155 3294 qnodes

117 3289 144 3346 in
159 3287 348 3351 Antoniorum
364 3292 499 3354 clientela
514 3296 666 3374 antiquitus
680 3307 778 3375 erant,
799 3299 921 3375 gratiam
936 3299 1008 3359 iecit
1021 3300 1120 3360 conin-

115 3372 198 3431 randi
219 3393 282 3435 cum
304 3385 364 3437 tota
379 3376 462 3439 ltalia
478 3397 531 3459 pro
552 3379 681 3458 partibus
700 3383 768 3441 suis.
801 3380 864 3441 Nec
880 3382 969 3442 multo
985 3392 1055 3463 post
1069 3400 1120 3443 na·

116 3453 173 3515 vali
190 3460 305 3536 proelio
322 3462 397 3541 apud
412 3462 527 3524 Actium
545 3465 630 3543 vicit,
651 3465 792 3527 inseram
807 3464 991 3528 dimicatione
1005 3475 1120 3549 protra-
