2334 3870
101 188 161 255 108
184 201 215 250 c.
231 199 383 253 sunnoru
398 198 526 259 nunno.
542 198 590 245 nu
601 197 686 245 v1ns
702 194 890 245 cassanum
903 197 975 246 nnn.
992 201 1049 254 111,

98 358 263 422 inconsulto
293 375 327 418 se
346 355 469 430 adisset,
485 348 615 432 *questus
636 359 681 410 est
703 352 732 409 in
753 356 863 411 sentiu-
895 350 994 413 Etiam
1018 374 1110 421 cansa

63 428 67 434 ’
98 445 199 506 mortis
219 442 311 502 inisse
336 441 364 501 ei
388 456 442 518 per
455 435 514 496 GN.
536 434 671 496 Pisonem
692 434 822 512 legatum
840 434 941 511 Syriae
960 438 1106 521 creditur,

99 547 185 609 quem
205 543 274 587 mox
293 525 375 585 buius
398 521 523 582 criminis
542 537 622 579 reum
645 526 744 598 putant
760 517 872 598 quidam
883 516 1016 581 mandata
1029 542 1105 601 pro-

98 612 239 688 laturum,
258 610 313 670 nisi
336 625 371 669 ea
394 612 510 666 secreto
529 611 674 664 ostentant
688 601 753 639 *¹¹¹*
771 618 847 682 quae
860 602 1039 666 multiiuriam
1056 609 1100 667 in·

99 697 239 775 scriptum
260 702 288 754 et
312 711 366 771 per
386 696 491 750 noctes
512 687 688 748 creberrime
706 686 896 748 adclamatum
909 696 967 749 est:
989 688 1125 754 Derides

98 777 330 842 Germanicum!
357 777 448 851 Quam
473 773 669 851 suspicionem
694 771 877 833 confirmavit
898 773 963 851 ipse
986 782 1102 853 postea,

98 865 224 940 coniuge
247 859 333 921 etiarn
353 874 389 920 ac
410 857 512 918 liberis
528 856 691 919 Germanici
712 854 861 915 crudelem
880 858 911 916 in
929 856 1045 917 modurn
1064 859 1105 919 ai-

119 947 195 1007 itis.

55 946 119 1098 53ss
131 964 148 1008 c
161 1029 270 1091 llumm
284 1028 493 1107 Agrippinam,
510 1032 577 1105 post
591 1025 682 1083 mariti
698 1026 819 1082 mortem
834 1022 957 1085 liberius
973 1025 1103 1105 quiddam

98 1123 243 1195 questam,
265 1128 349 1171 manu
370 1108 561 1188 apprehendit
576 1106 748 1185 Graecoque
766 1124 856 1167 versu
871 1105 910 1168 Si
924 1126 989 1170 non
1007 1110 1098 1172 domt-
1111 1130 1136 1173 m

96 1198 202 1271 noris,
222 1195 328 1272 inquit,
344 1192 460 1271 filiolo,
477 1191 625 1251 iniuriam
642 1197 670 1251 tc
686 1191 830 1270 occipere
845 1191 1037 1255 calccatus?
1052 1213 1106 1256 nec

96 1280 157 1340 nllc
171 1295 240 1338 mox
255 1294 390 1337 sermone
406 1277 539 1354 dignatus
554 1284 609 1335 cst.
642 1274 792 1350 Quondam
806 1292 879 1336 vero
893 1277 971 1337 inter
987 1296 1107 1340 caenam

96 1370 235 1444 porrecta
258 1379 275 1421 a
298 1379 331 1421 se
352 1378 439 1440 poma
455 1368 573 1437 gustare
589 1376 647 1419 non
664 1377 762 1419 ansam
779 1361 864 1420 etiam
879 1378 993 1422 vocare
1009 1363 1106 1440 desiit,

98 1447 234 1508 simulans
246 1446 352 1506 veneni
365 1464 398 1505 se
414 1446 532 1505 crimine
547 1444 673 1514 accersi;
690 1462 753 1504 cnm
770 1452 984 1523 praestructum
1000 1455 1106 1507 utrum·

98 1551 155 1612 qne
171 1531 304 1592 consulto
321 1539 409 1608 esset,
427 1539 457 1589 nt
471 1538 501 1589 et
514 1530 579 1607 ipse
593 1527 749 1608 temptandi
760 1529 855 1605 gratia
872 1528 995 1590 clierret
1011 1540 1041 1591 et
1056 1530 1138 1596 illan

98 1617 181 1695 quasi
204 1616 393 1676 certissimum
422 1615 538 1673 exitium
560 1622 686 1672 caveret.
723 1612 890 1672 Novissime
913 1614 1107 1677 calumniatus

96 1698 184 1760 modo
202 1698 238 1760 ad
254 1705 375 1758 statuam
385 1697 509 1773 Augusti
524 1695 610 1755 modo
626 1696 663 1756 ad
674 1697 821 1756 exercitus
837 1696 1003 1776 coningere
1013 1699 1105 1778 velle,

96 1783 294 1844 Pandatariam
316 1781 475 1856 relegavit,
499 1780 724 1856 convitiantique
746 1780 862 1840 oculum
886 1798 940 1859 per
957 1785 1105 1844 centurio·

95 1884 162 1927 nem
178 1863 348 1924 verberibus
364 1863 501 1921 excussit.
531 1864 642 1923 Rursus
657 1864 730 1922 mori
745 1864 840 1924 inedia
857 1865 1028 1946 destinanti,
1051 1885 1106 1947 per

95 1951 153 2008 vim
172 1964 224 2005 ore
245 1945 376 2022 diducto,
399 1944 525 2006 infulciri
549 1946 643 2006 cibum
661 1947 752 2006 iussit.
786 1947 845 2008 Sed
862 1957 891 2009 et
907 1967 1136 2029 perseveram-au

94 2041 152 2092 tem
174 2037 259 2107 atque
280 2030 319 2089 ita
334 2028 513 2108 absumptam
530 2030 766 2091 criminosissime
780 2033 939 2093 insectatus
954 2043 1015 2113 est,
1040 2052 1105 2096 cnm

94 2113 169 2174 diem
182 2130 297 2193 quoque
309 2113 434 2173 natalem
448 2115 511 2173 eins
521 2116 596 2175 inter
610 2116 742 2176 nefastos
753 2117 940 2177 referendum
951 2120 1105 2180 suasisset.

93 2197 247 2277 Imputavit
263 2199 364 2274 etiarn,
388 2198 466 2277 quod
480 2216 538 2258 non
554 2199 660 2279 laqueo
678 2200 886 2278 strangulatam
900 2203 930 2260 in
946 2200 1106 2265 Gemonias

94 2282 250 2344 abiecerit!
273 2300 386 2361 proque
413 2283 464 2343 tali
486 2283 638 2344 clementia
658 2285 805 2362 interponi
826 2285 976 2346 decretum
997 2304 1105 2366 passus

95 2376 158 2443 est,
181 2384 238 2445 quo
261 2366 315 2426 sibi
335 2368 447 2444 gratiae
457 2378 614 2445 agerentur
636 2377 665 2428 et
679 2367 845 2446 Capitolino
860 2369 926 2429 lovi
943 2369 1050 2432 donum
1066 2390 1136 2434 exse

95 2469 166 2512 auro
182 2458 355 2510 sacraretur.

51 2539 87 2594 54
158 2531 228 2592 Cum
247 2552 284 2592 ex
299 2531 469 2595 Germanico
485 2543 546 2595 tres
562 2543 701 2612 nepotes,
723 2535 871 2596 Neronem
886 2545 916 2597 et
929 2536 1059 2600 Drusum
1075 2548 1105 2601 et

95 2615 209 2692 (laium,
234 2634 271 2675 ex
287 2615 383 2675 Druso
406 2636 490 2676 unum
506 2617 652 2678 Tiberium
672 2617 812 2691 baberet,
835 2619 990 2682 destitutus
1006 2632 1104 2685 morte

92 2698 250 2761 liberorum
276 2701 416 2759 maximos
445 2708 512 2759 natu
542 2700 578 2760 de
604 2701 765 2762 Germanici
787 2703 872 2782 liliis,
897 2705 1047 2767 Neronem
1075 2716 1105 2768 et

91 2783 224 2858 Drusum,
239 2782 368 2860 patribus
385 2785 559 2862 conscriptis
571 2786 781 2846 commendavit
797 2786 933 2868 diemque
947 2793 1137 2871 utriusqnest

93 2867 216 2929 tirocinii
238 2867 387 2943 congiario
408 2867 507 2946 plebei
532 2867 599 2928 dato
621 2869 790 2930 celebravit.
823 2872 883 2932 Sed
897 2883 929 2934 ut
945 2878 1103 2955 comperit,

93 2954 207 3012 ineunte
222 2966 296 3009 anno
310 2967 364 3028 pro
380 2968 479 3010 eorum
495 2969 612 3030 qnoque
627 2954 719 3013 salute
736 2955 854 3033 publice
869 2966 937 3018 vcta
951 2969 1103 3040 suscepta,

94 3037 154 3113 egit
176 3053 238 3094 cnm
254 3042 371 3110 senatu,
394 3054 455 3096 nora
472 3034 583 3096 debere
601 3038 679 3098 tolio
690 3040 838 3117 praemio
853 3040 952 3101 tribui
963 3043 1029 3103 nisi
1043 3061 1100 3105 eac·

91 3119 190 3199 pertis
206 3124 236 3178 et
249 3124 350 3178 aetate
361 3119 535 3196 provectis:
561 3131 647 3200 atque
665 3141 702 3182 ex
718 3141 771 3198 eo,
794 3124 942 3201 patefacta
957 3127 1102 3190 interiore

93 3205 176 3264 animi
202 3204 245 3263 sui
271 3211 354 3279 ncta,
382 3206 506 3263 omnium
529 3206 771 3267 criminationibus
793 3207 939 3268 obnoxios
962 3211 1137 3291 reddidit‚ss

92 3288 229 3365 variaque
250 3287 351 3348 fraude
375 3287 524 3365 inductos,
546 3297 576 3347 nt
597 3299 627 3349 et
643 3292 857 3351 concitarentur
872 3293 909 3352 ad
926 3296 1053 3356 convitia
1070 3305 1102 3357 et

93 3374 229 3430 concitati
246 3373 452 3450 proderentur,
469 3377 618 3432 accusavit
634 3394 687 3453 per
706 3376 817 3434 litteras
833 3378 1013 3440 amarissime
1029 3397 1101 3441 cou-

90 3455 184 3531 gestis
206 3458 289 3515 etiarn
305 3456 439 3536 probris,
460 3463 488 3514 et
499 3455 640 3516 iudicatos
656 3457 748 3517 hostis
763 3458 839 3518 lame
853 3464 985 3524 necavit:
1004 3464 1101 3526 Nero·
