2286 3862
115 181 177 244 226
192 192 222 241 c.
238 190 388 240 sonnoru
403 188 532 249 namo.
548 188 595 235 nn
611 188 696 236 vrrs
714 186 903 239 omsnnun
913 191 990 242 nnn.
1001 194 1081 245 vnn.

115 349 214 409 tillam.
246 346 339 407 Uxori
355 362 390 405 ac
408 343 485 404 liliae
500 351 651 424 superstes
666 342 768 421 iuit‚a
822 352 1014 426 cumamque
1029 349 1121 413 adhuc

116 434 244 513 privatus
260 429 362 490 amisit.
398 428 467 489 Post
480 427 583 488 uxoris
599 442 753 487 excessum
795 426 951 507 renidens,
974 430 1119 496 Antoniae

114 517 247 578 libertam
258 523 287 574 et
299 532 315 575 a
328 530 422 589 mann,
440 511 576 572 dilectam
587 510 731 591 quondam
743 510 800 571 sihi
811 515 970 575 revocarit
980 516 1010 576 in
1021 528 1118 580 contn-

114 601 260 677 hernium,
274 596 429 676 habuitque
442 598 526 656 etiam
537 596 697 675 imperator
708 612 804 675 paene
816 595 915 657 iustae
926 600 1025 660 uxcrh
1033 601 1115 664 loco.

86 701 103 754 4
175 682 296 747 Glandio
316 682 448 760 principe
463 678 595 740 Narcissi
609 680 703 756 gratia
717 679 833 757 legatus
849 679 980 759 legionis
996 684 1131 746 noer-r

115 769 236 830 maniam
251 767 355 825 missus
371 773 430 834 est;
447 763 514 823 inde
530 765 558 823 in
568 763 744 824 Britanniam
754 763 926 843 translatus,
941 766 1040 829 tricies
1049 786 1109 829 cnm

115 854 200 914 hoste
223 849 361 910 condixit.
400 848 479 909 Duas
501 846 693 908 validissimas
713 856 819 924 gentes
841 866 999 931 superque
1019 852 1116 930 viginti

116 933 225 1014 oppida
242 942 271 993 et
282 933 403 993 insulam
417 935 542 993 Vectem
558 932 720 993 Britanniae
736 933 899 1010 proximam
921 934 954 993 in
977 932 1120 997 dicionem

116 1106 207 1185 ipsius
225 1101 321 1161 ductu.
351 1100 448 1175 Quare
464 1098 646 1178 triumphalia
659 1106 825 1159 ornamenta
840 1106 871 1159 et
894 1100 925 1161 in
947 1100 1040 1164 brevi
1058 1121 1142 1185 spa-r

115 1189 155 1248 tio
171 1185 281 1264 duplex
294 1183 488 1243 sacerdotium
502 1183 628 1262 accepit,
648 1191 800 1262 praeterea
817 1183 1023 1266 consulatum,
1040 1206 1120 1267 quem

116 1271 212 1348 pessit
232 1285 286 1346 per
310 1265 383 1326 duos
405 1268 581 1328 novissimos
601 1267 666 1327 anni
686 1285 812 1328 menses.
856 1266 989 1332 Medium
1008 1280 1119 1353 tempus

116 1353 152 1415 ad
168 1351 405 1434 proconsulatum
420 1354 554 1431 usquein
567 1352 627 1413 otio
641 1368 821 1430 secessuque
834 1353 906 1431 ogit,
922 1352 1119 1437 Agrippinam

117 1441 220 1499 timens
242 1444 391 1516 potentem
414 1436 508 1497 adhuc
524 1435 599 1516 apud
614 1435 702 1496 lilium
718 1445 747 1496 et
762 1435 891 1497 delnnoti
909 1454 1038 1519 quoquc
1053 1441 1118 1503 llar-

117 1523 185 1583 cissi
201 1522 285 1580 amici
298 1539 445 1600 perosam.
1123 1537 1139 1579 u

178 1605 262 1665 Exim
280 1606 400 1665 sortitus
415 1605 560 1681 Africam,
584 1605 773 1683 integerrime
789 1623 846 1666 nec
861 1606 924 1666 sine
946 1626 1062 1687 magna
1085 1609 1118 1670 di·

117 1691 254 1768 guatione
269 1687 487 1766 administravit,
503 1690 557 1749 nisi
571 1689 647 1768 quod
659 1689 825 1751 Hadrumeti
836 1689 987 1753 seditione
1000 1693 1119 1772 quadan

117 1792 188 1852 rapa
206 1775 234 1833 in
256 1791 320 1832 eum
343 1774 418 1834 iacta
440 1781 514 1833 sunt.
551 1772 647 1834 Rediit
666 1781 754 1835 certe'
768 1773 856 1834 nihilo
879 1775 1075 1855 opulentior,
1094 1785 1119 1837 ut

118 1859 175 1938 qui,
190 1874 285 1938 prope
302 1856 476 1918 labefactata
492 1858 547 1916 iam
563 1857 631 1934 lide,
649 1860 743 1919 omnia
758 1857 877 1937 praedia
896 1859 984 1921 fratri
1007 1860 1118 1941 ohliga-

118 1944 154 2003 rit
169 1942 398 2019 necessarioque
416 1939 452 2001 ad
466 1942 656 2018 mangonicos
669 1950 806 2022 quaestus
820 1944 1013 2006 sustinendae
1028 1945 1142 2025 dignis

117 2027 184 2087 tatis
201 2043 288 2085 causa
306 2023 505 2094 descenderit;
522 2034 646 2104 propter
662 2026 740 2106 quod
754 2026 842 2105 vulgo
858 2027 928 2087 mul
939 2028 977 2092 io
991 2030 1119 2093 vocaba-

117 2119 173 2170 tur.
208 2108 365 2170 Convictus
382 2125 499 2187 qnoque
514 2107 618 2169 dicitur
633 2109 757 2171 ducenta
775 2112 910 2172 sestertia
925 2117 1120 2193 expressisse

118 2196 222 2272 inveni,
239 2194 285 2253 cui
305 2192 393 2252 latum
417 2193 529 2252 clavum
550 2192 692 2255 adversus
714 2195 804 2273 patris
824 2196 1007 2258 voluntatens
1031 2200 1119 2280 impe·

118 2286 217 2355 horat,
234 2295 329 2356 eoquo
345 2277 460 2337 nomine
475 2278 607 2354 graviter
621 2279 789 2356 increpitus.

180 2362 420 2438 Peregrinatione
436 2360 564 2421 Achaica
581 2362 656 2422 inter
672 2362 793 2422 comites
808 2361 950 2443 Neronis,
968 2384 1037 2428 cnm
1055 2387 1142 2433 can-u

118 2455 196 2506 tante
213 2463 249 2506 eo
268 2454 315 2505 aut
329 2443 495 2505 discederet
509 2446 626 2524 saepius
644 2455 691 2507 aut
707 2464 848 2525 praesens
871 2447 1119 2532 obdormisceret,

119 2531 318 2608 gravissimam
331 2530 474 2589 contraxit
488 2529 639 2605 offensam,
655 2529 875 2609 prohibitusque
887 2550 946 2592 non
959 2537 1119 2598 contuber-

118 2615 167 2673 nio
182 2614 269 2675 modo
282 2612 337 2673 'sed
354 2614 438 2673 etiam
452 2613 568 2692 publica
584 2614 773 2692 salutatione,
797 2618 922 2678 secessit
942 2619 971 2677 in
995 2636 1118 2700 parvam

120 2715 154 2756 ac
170 2696 282 2759 deviam
299 2697 451 2774 civitatem,
470 2697 565 2777 quoad
586 2698 684 2759 latenti
705 2701 847 2779 etiamque
870 2711 1002 2764 extrema
1027 2714 1118 2767 metu·

120 2782 177 2841 enti
191 2782 342 2860 provincia
358 2798 422 2841 cum
440 2782 570 2841 exercitu
585 2781 682 2844 oblata
699 2792 753 2845 est.
1134 2822 1140 2837 r

182 2864 395 2925 Percrebuerat
410 2864 527 2927 Oriente
544 2875 606 2927 toto
624 2877 706 2928 vetus
721 2876 750 2928 et
766 2877 902 2929 constans
917 2872 1034 2952 opinio,
1050 2892 1119 2935 esse

119 2952 147 3007 in
163 2949 229 3008 iatis
244 2956 274 3007 ut
290 2966 325 3008 eo
341 2958 474 3029 tempore
491 2949 595 3010 ludaea
611 2952 737 3029 proiecti
757 2969 853 3013 rerum
876 2957 1056 3032 potirentur.
1086 2957 1119 3019 ld

120 3032 155 3093 de
170 3034 347 3109 imperatore
363 3033 505 3112 Romano,
522 3043 655 3114 quantum
671 3045 774 3114 postea
787 3046 892 3098 eventu
905 3040 1012 3118 paruit,
1032 3060 1118 3123 prae

121 3116 225 3176 dictum
238 3115 336 3177 ludaei
354 3117 390 3178 ad
406 3137 439 3178 se
455 3119 602 3179 trahentes
617 3120 804 3198 rebellarunt,
821 3139 970 3202 caesoque
986 3143 1118 3207 praepo·

120 3201 176 3261 sito
194 3203 320 3281 legatum
336 3202 455 3280 insuper
471 3204 573 3278 Syriae
588 3205 769 3266 consularem
785 3208 935 3285 suppetias
958 3209 1119 3290 ferentem,
1132 3234 1143 3261 u

119 3295 202 3363 raptu
220 3286 331 3366 aquila,
352 3286 536 3362 fugaverunt.
571 3288 618 3348 Ad
642 3289 718 3349 hunc
740 3297 845 3350 motum
866 3294 1121 3373 comprimendum

121 3385 183 3428 curn
200 3370 331 3432 exercitu
346 3370 486 3448 ampliore
501 3381 530 3431 et
544 3391 602 3433 non
618 3375 766 3435 instrenuo
781 3373 866 3453 duce,
884 3376 929 3437 cni
943 3385 1045 3440 tamen
1056 3390 1120 3443 tuto

117 3458 195 3520 tanta
209 3476 259 3518 res
277 3456 516 3533 committeretur,
533 3474 607 3537 opus
626 3467 720 3538 esset,
743 3461 808 3538 ipse
829 3461 1011 3539 potissimum
1037 3465 1120 3527 dele·
