2334 3870
102 157 163 221 122
194 168 223 216 c.
239 167 390 216 soanoru
405 163 535 224 nasso.
549 165 597 211 ns
611 163 694 210 vrrs
710 162 897 212 csssssms
914 164 987 212 nra.
1000 165 1067 214 nn.

100 334 184 387 natus
206 321 379 384 Germanico
402 320 478 380 iilius
498 319 597 380 'libori
616 317 727 394 iuerat,
754 317 917 397 appellatus
939 321 1056 400 etipse
1075 321 1107 384 G.

102 408 227 477 Caesam
250 406 287 466 de
308 406 388 465 cuius
405 403 518 465 amabili
542 403 664 481 pueritia
685 403 889 482 immaturoque
910 402 994 464 obitu
1015 424 1109 486 supra

100 494 233 553 diximus.
266 489 384 550 Plinium
400 489 497 565 arguit
514 489 589 547 ratio
609 495 784 564 temporum.
813 485 883 546 llam
901 489 950 566 qui
970 506 1024 548 res
1040 490 1106 550 Au·

101 578 179 655 gusti
198 575 354 635 memoriae
373 572 549 648 mandarunt,
571 571 772 631 Germanicum
787 578 889 631 exacto
903 570 1056 632 consulatu
1074 576 1105 632 in

103 661 224 724 Galliam
237 661 351 717 missum
367 656 559 733 consentiunt,
571 656 626 714 iam
640 664 708 714 nato
722 653 806 716 Gaio.
821 653 884 714 lieo
897 654 969 714 Plini
984 658 1125 734 opinio-5

102 763 168 806 nem
183 742 332 819 inscriptio
349 758 416 800 arae
434 741 589 819 quicquam
604 738 761 815 adiuverit,
797 756 862 798 cum
877 737 1037 818 Agrippina
1051 740 1101 799 bis

102 831 131 888 in
153 845 187 886 ea
206 826 331 901 regione
353 824 427 883 iilias
451 825 537 883 enixa
559 824 612 899 sit,
637 832 666 882 et
690 823 909 902 qualiscumque
926 831 1025 903 partus
1040 827 1106 884 sine

100 911 161 970 ullo
177 927 265 968 sexus
278 908 442 967 discrimine
453 909 638 987 puerperium
652 915 785 983 vocetur,
802 905 883 984 quod
898 909 1008 986 antiqui
1021 910 1106 969 etiarn

101 993 216 1075 puellas
232 1010 349 1071 pucras,
365 993 440 1053 sicut
454 1001 483 1052 et
502 1009 610 1071 pueros
625 990 741 1070 puellos
754 990 929 1050 dictitarent.
967 991 1056 1052 Extat
1076 1001 1105 1051 et

103 1077 228 1154 Augusti
246 1075 380 1155 epistula,
395 1085 461 1136 ante
475 1093 587 1154 paucos
602 1092 686 1153 quam
701 1074 797 1135 obiret
811 1092 930 1134 menses
945 1075 985 1135 ad
999 1076 1101 1155 Agrip·
1112 1092 1135 1133 ro

103 1163 199 1241 pinam
213 1168 331 1238 neptem
344 1162 383 1219 ita
397 1161 507 1239 scripta
523 1159 558 1219 de
575 1159 646 1220 Gaio
662 1159 721 1219 hoc
736 1160 940 1239 (nequeenim
956 1162 1107 1240 quisquam

103 1249 159 1306 iam
178 1244 250 1304 nlius
265 1244 359 1303 inians
369 1245 482 1303 nomine
498 1244 561 1322 pari
573 1252 641 1302 tunc
653 1242 837 1322 supererat:)
849 1241 985 1304 Puemm
997 1245 1108 1305 Gadaum

103 1327 170 1391 XV.
190 1326 239 1388 lsi.
259 1325 328 1388 Iun.
345 1327 374 1387 si
397 1327 443 1388 dtr·
461 1327 566 1389 colent
583 1334 619 1388 ut
638 1326 785 1388 ducerent
808 1325 959 1388 Talarius
978 1336 1009 1390 et
1022 1326 1105 1390 Asit-

104 1414 180 1488 lios,
200 1411 267 1472 lteri
286 1431 353 1473 eum
374 1411 415 1473 iis
436 1411 588 1474 constitui.
632 1410 721 1472 Mitto
735 1418 906 1490 praetereo
923 1431 995 1473 cum
1014 1431 1053 1474 eo
1069 1432 1108 1474 ec

19 1528 24 1535 ·
103 1497 205 1558 seroie
218 1498 294 1557 meis
312 1497 472 1574 medicum,
488 1515 576 1576 quem
593 1496 710 1574 scripsi
724 1494 908 1557 Germanico
920 1497 952 1556 si
968 1497 1063 1558 vellet
1075 1503 1110 1558 ut
1117 1510 1137 1551 1⁵

103 1583 259 1642 retineret.
296 1580 438 1659 Volcdis,
461 1598 531 1641 mec
540 1579 739 1659 ,Aprippiom
760 1587 790 1641 et
810 1578 904 1640 dabis
921 1599 1056 1659 operam
1076 1587 1110 1642 ui

103 1666 214 1726 colens
229 1666 399 1744 pervenias
418 1665 463 1724 od
488 1664 703 1725 Germanicum
725 1670 816 1724 mum.
851 1664 977 1726 Abunde
998 1684 1107 1745 parere

105 1749 247 1824 arbitror,
269 1766 327 1808 non
347 1751 476 1826 potuisse
495 1747 534 1806 ihi
558 1751 640 1806 nasci
658 1747 772 1825 Gaium,
795 1766 853 1827 quo
870 1766 966 1828 prope
982 1749 1106 1810 bimulus

105 1833 217 1893 demum
240 1830 395 1908 perductus
416 1831 452 1891 ab
471 1832 542 1891 urbe
564 1832 609 1890 sit.
644 1831 863 1892 Versiculorum
880 1850 998 1912 quoque
1020 1834 1106 1894 fidem

105 1915 205 1976 eadem
220 1913 294 1971 haec
310 1913 426 1974 elevant
444 1923 474 1975 et
486 1933 521 1974 eo
537 1915 662 1991 facilius,
686 1917 764 1994 quod
778 1918 797 1976 ii
813 1919 876 1977 sine
891 1926 1013 1978 auctore
1029 1927 1135 1978 suntin

105 1995 257 2074 Sequenda
274 2005 319 2056 est
333 1998 430 2076 igitur,
455 2017 527 2078 quae
545 1998 608 2060 sola
623 2008 714 2060 restat
729 2000 837 2080 publici
857 2002 1039 2062 instrumenti
1059 2021 1105 2063 au·

106 2081 236 2156 alorites,
249 2084 420 2158 praesertim
437 2103 500 2143 cum
514 2083 600 2145 Gaius
612 2084 737 2161 Antium,
753 2085 885 2146 omnihus
898 2103 1016 2165 semper
1031 2087 1106 2148 locis

105 2173 190 2243 atque
210 2166 379 2226 secessibus
400 2169 574 2246 praelatum,
599 2186 656 2228 non
676 2169 760 2229 aliter
782 2187 867 2248 qnam
886 2171 983 2230 natale
1010 2172 1106 2232 solum

106 2248 241 2310 dilexerit
254 2252 439 2332 tradaturque
461 2255 546 2314 etiam
562 2254 661 2314 sedem
676 2272 710 2314 ac
725 2253 899 2314 domicilium
915 2255 1028 2334 imperii
1042 2265 1103 2317 tae·

107 2334 154 2396 dio
171 2335 250 2395 urbis
266 2337 424 2397 transferre
442 2355 480 2398 eo
496 2339 667 2399 destinasse.
1112 2358 1137 2401 aa

74 2431 92 2484 9
170 2417 321 2497 Caligulae
337 2439 499 2500 cognomen
512 2423 650 2482 castrensi
667 2424 734 2481 ioco
750 2424 845 2500 traxit,
863 2423 930 2501 quia
945 2424 1103 2503 manipula-

105 2505 149 2562 rio
166 2502 263 2562 habitu
279 2506 354 2564 inter
364 2506 468 2572 milites
480 2506 661 2566 educabatur.
683 2505 770 2584 Apud
784 2524 857 2584 quos
870 2513 1005 2587 quantum
1018 2524 1104 2586 prae·

105 2592 186 2645 terea
205 2587 345 2664 perhanc
362 2591 597 2649 nutrimentorum
620 2589 855 2650 consuetudinem
877 2607 976 2651 amore
992 2600 1022 2651 et
1036 2610 1104 2671 gra·

42 2722 54 2733 ,
105 2670 144 2728 tia
157 2668 295 2746 valuerit,
314 2675 435 2751 maxime
453 2676 598 2750 cognitum
611 2681 656 2733 est
674 2692 737 2734 cum
752 2683 820 2753 post
834 2692 988 2735 excessum
1003 2674 1104 2754 Augu·

105 2752 142 2812 sti
156 2752 350 2814 tumultuantis
362 2765 391 2815 et
405 2757 432 2814 in
446 2756 573 2816 furorem
586 2775 678 2835 usque
693 2760 871 2838 praecipites
884 2759 964 2819 solus
974 2758 1045 2820 haut
1055 2760 1139 2821 duaa

105 2836 153 2896 bie
172 2844 200 2895 et
217 2848 378 2916 conspectu
394 2858 446 2900 suo
462 2841 552 2900 ilcxit.
567 2839 633 2901 Non
649 2842 723 2901 enim
735 2845 816 2922 prius
828 2844 1008 2921 destiterunt,
1019 2862 1106 2924 quam

107 2920 236 2997 ablegari
255 2940 319 2981 eum
341 2926 378 2985 oh
394 2925 544 2985 seditionis
562 2926 722 3005 periculum
736 2935 766 2987 et
782 2929 810 2986 in
828 2929 989 3006 proximam
1005 2929 1105 2990 cirita·

107 3015 165 3065 tem
187 3004 351 3066 demandari
373 3009 655 3080 animadvertissent;
679 3020 747 3070 tunc
770 3011 881 3071 demum
900 3011 935 3071 ad
955 3012 1105 3090 paeniten-

108 3092 174 3150 tiam
189 3092 265 3148 versi
287 3110 430 3169 reprenso
447 3113 481 3154 ao
499 3103 613 3154 retento
629 3095 784 3173 vehiculo,
801 3095 934 3157 invidiam
952 3112 1027 3174 quae
1049 3097 1105 3156 sibi

66 3175 193 3236 loiieret
208 3174 356 3253 deprecati
378 3187 452 3238 sunt.
497 3176 654 3238 Comitatus
675 3189 720 3240 est
737 3189 847 3258 patrem
868 3188 898 3239 et
916 3180 1036 3255 Syriaca
1053 3197 1139 3241 ex·ts

108 3258 263 3335 peditione.
293 3260 377 3321 Unde
399 3280 537 3323 reversus
553 3264 672 3341 primum
687 3265 715 3322 in
730 3264 838 3340 matris,
855 3262 959 3323 deiude
975 3281 1011 3323 ea
1026 3264 1104 3325 rele-

106 3350 173 3416 gata
196 3343 223 3400 in
244 3342 341 3405 Liviae
356 3345 505 3423 Augustae
526 3349 664 3425 proaviae
687 3366 757 3407 suae
780 3346 969 3408 contubernio
984 3349 1104 3418 mansit;

107 3441 189 3502 quam
205 3423 370 3491 defunctam
387 3439 584 3510 praetextatus
600 3432 685 3491 etiam
698 3440 766 3490 tunc
781 3432 951 3508 prorostris
966 3430 1103 3493 laudavit.
