2334 3870
497 192 671 242 annes.
1027 185 1088 246 203

97 349 245 425 ingressus
259 364 342 426 qaam
358 355 387 407 ut
399 364 496 406 secum
507 346 642 407 vehiculo
661 348 793 426 proximo
812 349 910 410 decies
927 352 1090 411 sestertium

98 432 125 491 in
137 449 206 492 auro
217 431 349 509 efferret)
361 431 457 491 donec
468 433 496 490 in
509 431 617 511 oppido
627 430 734 491 Fundis
745 435 868 493 moranti
876 433 1012 514 Hispania
1019 433 1088 494 'lar-

96 517 264 576 raconensis
277 514 373 575 oblata
386 523 440 574 est.
463 514 643 594 deciditque,
655 525 686 574 ut
702 535 764 577 cum
782 517 961 596 provinciam
977 518 1089 594 ingres·

98 619 145 659 sus
158 600 338 660 sacrificaret
350 600 422 658 intra
435 597 535 658 aedem
547 599 706 678 publicam,
722 618 815 681 puero
828 619 845 661 e
858 602 994 661 ministris
1008 617 1088 660 acer·

69 702 156 747 tram
175 685 283 744 tenenti
301 683 423 761 capillus
441 690 563 761 repente
580 691 641 743 toto
662 688 757 764 capite
770 693 957 763 canesceret,
975 701 1030 743 nec
1042 683 1089 743 de·

95 769 211 828 luerunt
223 767 271 845 qui
284 769 550 845 interpretarentur,
564 767 719 844 significari
726 785 821 829 rerum
830 770 1015 829 mutationem
1026 781 1089 826 suc·

98 867 307 929 cessurumque
318 851 413 911 iuveni
426 848 664 929 senem„huc.est
679 852 771 929 ipsum
781 852 901 913 Neroni.
921 851 989 912 Non
1000 849 1090 910 multo

98 942 166 1013 post
174 935 202 993 in
213 932 385 995 Cantabriae
396 935 490 995 lacum
502 933 611 994 fulmen
619 933 734 1012 decidit,
747 944 1012 1014 repertaeqnesunt
1021 934 1090 995 duo-

97 1018 190 1078 decim
201 1035 332 1095 secures,
346 1017 419 1078 hand
432 1018 597 1095 ambiguum
608 1035 735 1079 summae
747 1019 859 1098 imperii
873 1023 995 1096 signum.

60 1121 85 1162 m
154 1100 210 1161 Per
227 1110 294 1162 octo
312 1118 402 1162 anaos
421 1104 503 1163 varie
520 1111 549 1161 et
568 1101 790 1181 inaequabiliter
813 1103 991 1181 provinciam
1008 1099 1120 1177 rexitc

95 1188 187 1266 primo
203 1204 272 1247 acer
287 1194 315 1247 et
325 1186 490 1265 uehemens,
508 1195 536 1246 et
550 1187 579 1245 in
593 1186 766 1247 coercendis
778 1187 893 1265 quidem
910 1185 1025 1247 delictis
1042 1183 1091 1243 vel
1131 1182 1138 1196 '

94 1270 271 1330 immodicus.
293 1269 365 1330 llam
377 1279 405 1329 et
419 1270 605 1331 nummulario
617 1289 674 1331 non
686 1290 725 1331 ex
736 1271 793 1331 lide
807 1271 935 1332 versanti
952 1270 1091 1350 pecunias

94 1371 195 1413 manus
207 1353 365 1430 amputarit
372 1371 548 1429 mensaeque
560 1355 622 1412 eins
633 1354 741 1431 adfixit,
758 1363 787 1413 et
798 1364 934 1430 tutorem,
948 1353 1026 1432 quod
1038 1369 1090 1432 pu·

96 1436 206 1516 pillum,
220 1438 264 1493 oui
278 1433 446 1493 substitutas
456 1435 544 1494 heres
556 1444 633 1510 erat,
652 1454 766 1495 veneno
778 1447 929 1512 necasset,
941 1454 1029 1495 cruce
1042 1433 1090 1494 ad·

61 1519 180 1588 reiecit3
193 1517 415 1596 implorantique
432 1517 515 1594 leges
535 1525 563 1575 et
580 1518 673 1576 ciuem
688 1519 848 1577 Romanum
867 1536 899 1577 se
916 1516 1091 1593 testificanti,

98 1603 180 1683 quasi
192 1602 297 1662 solatio
313 1609 341 1660 et
356 1599 467 1661 honore
478 1600 575 1679 aliquo
589 1617 713 1678 poenam
730 1600 892 1677 levaturus,
904 1600 1005 1660 mutari
1021 1598 1092 1659 mal·

97 1697 186 1766 toque
199 1695 316 1765 praeter
330 1694 443 1746 ceteras
455 1685 589 1746 altiorem
601 1693 630 1744 et
643 1683 805 1744 dealbatam
817 1685 902 1744 statui
911 1685 1091 1744 crucemius·

96 1774 142 1832 sit.
164 1771 303 1831 Paulatim
314 1771 343 1829 in
354 1768 492 1830 desidiam
503 1769 715 1848 segnitiemque
728 1786 889 1829 conversus
905 1777 959 1844 est,
975 1765 1093 1845 nequid

94 1859 231 1917 materiae
243 1854 400 1934 praeberet
409 1853 536 1932 Neroni,
555 1864 591 1932 et,
605 1864 634 1913 ut
645 1853 744 1914 dicere
757 1853 887 1931 solebat,
908 1851 992 1932 qaod
1003 1866 1091 1912 amno

59 1963 86 2003 ru
95 1941 247 2002 rationem
264 1939 319 2000 otii
331 1938 381 1998 rai
394 1937 526 1999 reddere
541 1944 709 2017 caperetur.

159 2022 334 2099 Carthagine
346 2039 422 2081 nova
433 2032 605 2082 conventum
617 2040 709 2100 agens
720 2021 884 2081 tumultuari
895 2020 1002 2081 Gallias
1014 2037 1090 2082 com·

96 2107 182 2188 perit,
195 2105 295 2183 legato
310 2104 482 2183 Aquitaniae
495 2106 600 2167 auxilia
611 2104 801 2184 implorante;
823 2112 1050 2184 supervenerunt
1063 2112 1092 2164 et

96 2190 227 2251 Vindicis
242 2189 355 2250 litterae
370 2188 527 2266 hortantis,
545 2198 576 2248 ut
593 2189 715 2248 humano
733 2191 835 2267 generi
853 2197 1029 2249 assertorem
1042 2188 1090 2247 du·

97 2293 219 2354 cemque
232 2291 264 2333 se
276 2271 489 2333 accomodaret.
511 2273 575 2333 Nec
587 2272 634 2331 diu
647 2282 806 2351 cunctatus,
821 2272 1014 2334 conditionem
1027 2289 1090 2349 par-

60 2378 88 2418 ra
97 2362 146 2420 tim
157 2367 233 2419 metu
246 2359 348 2436 partim
360 2375 414 2436 spc
424 2359 553 2436 recepit;
567 2374 631 2417 nam
647 2366 676 2416 et
690 2357 820 2418 mandata
831 2356 957 2418 Neronis
970 2355 1006 2415 de
1018 2372 1091 2414 nece

98 2462 149 2503 sua
160 2442 195 2502 ad
208 2451 415 2520 procuratores
428 2441 501 2501 clam
512 2443 598 2501 missa
613 2440 817 2519 deprenderat,
830 2451 858 2502 et
871 2438 1092 2502 confirmabatur

99 2545 162 2587 cum
174 2525 389 2586 secundissimis
404 2525 541 2605 auspiciis
551 2535 580 2585 et
596 2526 738 2587 ominibus
750 2527 871 2605 virginis
889 2525 1031 2586 honestae
1042 2541 1092 2583 va·

97 2612 273 2688 ticinatione,
284 2619 362 2670 tanto
374 2612 467 2688 magis
479 2609 556 2689 quod
570 2610 670 2671 eadem
682 2611 731 2672 illa
749 2612 873 2671 carmina
888 2606 1028 2670 sacerdos
1044 2605 1090 2667 lo·

96 2697 140 2756 via
155 2693 275 2755 Cluniae
291 2712 328 2753 ex
339 2695 480 2775 penetrali
492 2696 603 2755 somnio
614 2696 738 2756 monitus
754 2704 885 2773 eruerat,
901 2702 967 2753 ante
984 2692 1090 2752 ducen-

59 2803 85 2843 ao
96 2789 144 2842 tos
155 2797 246 2840 annos
258 2779 387 2839 similiter
399 2796 415 2839 a
427 2778 542 2840 fatidica
555 2779 652 2859 puella
668 2781 860 2859 pronuntiata.
888 2778 1015 2853 Quorum
1028 2794 1089 2835 car-

95 2865 199 2924 minum
220 2866 363 2924 scntentia
381 2872 455 2940 erat,
483 2863 634 2925 aridarum
654 2863 838 2944 quandoque
868 2879 907 2923 ea
934 2858 1092 2938 Hispania

91 2946 264 3028 principem
277 2946 489 3026 dominumque
502 2966 615 3008 reram.

158 3030 249 3109 Igitur
267 3049 330 3092 cum
351 3032 432 3109 quasi
453 3031 667 3091 manumissioni
691 3039 844 3091 vacaturus
870 3027 1090 3091 conscendisset
1102 3050 1136 3102 10

95 3115 235 3192 tribunal,
254 3117 415 3194 propositis
433 3124 498 3175 ante
518 3134 550 3175 se
565 3115 758 3175 damnatorum
771 3117 993 3193 occisorumque
1005 3130 1021 3173 a
1032 3111 1089 3172 Ne·

59 3225 86 3266 aa
96 3217 169 3261 rone
181 3215 264 3277 qnam
277 3199 406 3278 plurimis
417 3199 588 3277 imaginibus
600 3208 629 3258 et
639 3207 750 3260 astante
770 3199 860 3260 nobili
878 3215 987 3278 puero,
1005 3215 1090 3276 quem

96 3284 260 3346 exulantem
274 3302 290 3342 e
305 3284 436 3363 proxima
447 3283 560 3344 Baleari
573 3284 665 3344 insula
679 3283 717 3361 ob
727 3283 755 3344 id
766 3285 860 3369 ipsum
873 3284 1027 3359 acciverat,
1041 3281 1089 3342 de·

96 3368 222 3448 ploravit
239 3377 402 3446 temporam
421 3377 542 3445 statum,
562 3366 814 3447 consalutatusque
829 3360 1088 3446 ii‘ri'p'eiitd'i'lega·

95 3461 154 3514 tum
169 3471 201 3512 se
217 3461 333 3513 senatus
346 3470 381 3513 ac
392 3452 493 3533 populi
504 3452 539 3513 ll.
553 3453 704 3530 professus
712 3461 766 3513 est.
777 3451 850 3512 Dein
856 3451 962 3512 iustitio
970 3448 1088 3528 indicto,
