2286 3862
394 194 500 242 nrvos
522 194 713 244 accusans.
1012 180 1052 244 67

52 350 182 412 necanda
207 347 389 410 deliberavit.
423 346 511 409 Certe
538 367 601 410 enm
625 349 678 410 sub
704 349 780 410 idem
807 357 920 428 tempus
940 368 996 411 nna
1016 369 1054 412 ex

56 435 179 495 consciis
193 433 296 494 liberta
311 429 430 492 Phoebe
447 431 603 513 suspendio
621 434 709 494 vitam
722 433 844 511 linisset,
856 433 1007 495 moluisse
1020 452 1056 495 se

55 521 92 580 ait
108 517 243 579 Phoebes
256 522 379 597 patrem
393 514 503 592 fuisse.
535 518 698 595 Relegatae
714 535 795 577 usum
809 518 869 577 viui
884 534 1054 597 omnemque

54 604 252 664 delicatiorem
266 602 371 661 cultum
386 598 491 660 ademit
504 619 598 680 neque
614 601 685 662 adiri
700 621 716 662 a
732 602 868 680 quopiam
883 601 977 663 libero
994 619 1054 662 ser·

28 705 140 764 suove,
154 688 210 746 nisi
225 704 258 745 se
275 683 419 760 consulto,
431 686 570 761 permisit,
585 695 613 744 et
628 687 666 745 ita
680 694 711 745 ut
726 688 834 746 certior
848 687 944 761 lieret,
959 702 1015 764 qua
1031 685 1056 744 is

54 781 161 847 aetate,
180 789 235 848 qua
254 778 377 846 statura,
397 785 454 847 quo
472 769 575 828 colore
590 778 680 846 esset,
699 771 785 830 etiam
800 769 904 847 quibus
923 772 1056 850 corporis

54 857 132 915 notis
144 854 192 913 vel
208 853 400 914 cicatricibus.
423 852 494 912 Post
508 853 730 931 quinquennium
745 854 856 912 demum
872 872 910 913 ex
924 854 1017 914 insula
1028 855 1057 912 in

57 940 250 999 continentem
264 934 483 1014 lenioribusque
496 936 583 1014 paulo
599 935 817 995 condicionibus
826 937 969 997 transtulit
982 955 1055 998 eam.

53 1023 126 1082 Nam
151 1031 180 1080 ut
202 1023 317 1080 omnino
337 1028 508 1098 revocaret,
533 1021 649 1080 exorari
671 1020 750 1079 nullo
773 1019 858 1079 modo
877 1021 986 1098 potuit,
1007 1021 1056 1080 de·

11 1126 43 1166 1o
55 1106 187 1187 precanti
207 1123 297 1185 saepe
313 1104 344 1164 P.
359 1106 395 1166 ll.
419 1114 449 1165 et
463 1105 639 1184 pertinacius
657 1105 772 1163 instanti
788 1103 862 1163 tales
878 1103 952 1162 filias
967 1103 1055 1164 tales·

54 1209 110 1270 que
135 1190 274 1268 coniuges
296 1207 350 1269 pro
368 1190 502 1248 contione
522 1191 699 1266 inprecatus.
730 1187 777 1247 Ex
794 1195 884 1267 nepte
900 1187 971 1248 lolia
989 1194 1058 1267 post

54 1275 264 1335 damnationem
279 1272 384 1332 editum
399 1274 536 1332 infantem
552 1271 692 1349 adgnosci
710 1272 806 1351 alique
820 1273 921 1331 vetuit.
948 1271 1056 1350 Agrip-

55 1378 121 1436 pam
142 1356 230 1415 nihilo
245 1355 488 1432 tractabiliorem,
509 1357 594 1414 immo
610 1357 639 1413 in
655 1356 717 1414 dies
734 1359 923 1415 amentiorem
939 1358 967 1414 in
982 1358 1056 1414 insu·

55 1442 112 1500 lam
132 1439 339 1516 transportavit
362 1439 511 1515 sepsitque
532 1440 652 1514 insuper
676 1439 805 1497 custodia
819 1439 947 1497 militurn.
976 1437 1059 1497 Cavit

16 1544 47 1586 1u
58 1525 142 1584 etiam
158 1523 187 1582 S.
205 1519 238 1582 G.
254 1531 284 1581 ut
299 1521 401 1581 eodem
417 1520 477 1579 loci
495 1523 524 1580 in
547 1530 719 1600 perpetuum
741 1521 953 1596 contineretur,
972 1529 1058 1598 atquc

57 1608 93 1668 ad
114 1624 226 1667 omnem
247 1614 276 1665 et
297 1607 358 1664 eius
379 1614 408 1664 et
421 1603 555 1665 luliarum
572 1605 746 1663 mentionem
762 1604 974 1681 ingemiscens,
991 1620 1057 1684 pro·

58 1692 181 1751 clamare
197 1691 281 1751 etiam
296 1689 425 1749 solebat:

92 1762 170 1836 Ato’
188 1763 314 1853 ὄφελον
330 1763 455 1852 ἄγαμός
468 1760 494 1832 τ’
511 1771 625 1852 ἔμεναι
642 1761 764 1851 ἄγονός
777 1759 803 1832 τ’
820 1760 1024 1833 ἄπολέσθαιὶ

57 1877 112 1919 nec
134 1859 216 1919 aliter
233 1877 285 1918 eos
301 1857 470 1938 appellare,
493 1875 576 1936 quam
592 1858 644 1915 tris
660 1859 789 1915 vomicas
807 1875 842 1916 ac
858 1857 911 1916 tria
928 1858 1058 1917 carcino-

17 1962 47 2004 ao
58 1953 134 2004 mata
149 1961 209 2002 sua.

118 2025 269 2086 Amicitias
289 2045 384 2105 neque
407 2025 495 2087 facile
513 2024 625 2086 admisit
639 2034 669 2085 et
684 2026 914 2084 constantissime
928 2025 1057 2101 retinuit,
1067 2032 1101 2088 66

58 2128 116 2169 non
141 2117 247 2169 tantum
273 2110 394 2169 virtutes
417 2127 452 2168 ao
474 2111 575 2169 merita
600 2111 738 2186 cuiusque
761 2108 847 2185 digne
874 2117 1058 2187 prosecutus,

59 2192 112 2254 sed
131 2193 199 2253 vitia
222 2211 336 2272 quoque
356 2202 385 2254 et
407 2191 528 2269 delicta,
552 2192 714 2252 dumtaxat
734 2192 863 2269 modica,
889 2209 1058 2271 perpessus.

57 2276 160 2356 Neque
185 2279 260 2336 enim
279 2287 389 2336 temere
412 2295 450 2336 ex
470 2278 545 2335 omni
565 2294 683 2336 numero
702 2278 730 2336 in
745 2277 868 2337 amicitia
884 2276 945 2334 eius
961 2275 1061 2336 afflicti

18 2376 48 2417 25
57 2363 241 2440 reperientur
258 2371 374 2439 praeter
389 2359 585 2420 Salvidienum
599 2361 713 2437 Rufum,
730 2378 816 2440 quem
831 2360 866 2420 ad
882 2361 1060 2421 consulatum

58 2464 158 2525 usque,
178 2453 207 2504 et
224 2444 390 2506 Cornelium
404 2442 526 2521 Gallum,
544 2461 629 2523 quem
644 2445 678 2504 ad
694 2446 907 2524 praefecturam
919 2444 1059 2523 Aegypti,

59 2548 96 2588 ex
121 2530 215 2587 intima
237 2537 387 2607 utrumque
411 2529 525 2588 fortuna
547 2538 734 2606 provexerat.
784 2529 913 2604 Quorum
939 2528 1060 2587 alterum

58 2631 107 2672 res
129 2630 220 2672 novas
242 2612 408 2672 molientem
429 2611 613 2672 damnandum
635 2613 746 2673 senatui
766 2612 898 2689 tradidit,
922 2613 1004 2673 alteri
1022 2613 1059 2672 ob

58 2699 200 2774 ingratum
215 2705 244 2756 et
259 2696 423 2756 malivolum
439 2698 559 2756 animum
577 2696 662 2756 domo
678 2706 707 2757 et
723 2699 882 2776 provinciis
898 2698 956 2758 suis
973 2698 1059 2757 inter·

20 2798 49 2839 ao
61 2781 141 2840 dixit.
186 2780 245 2840 Sed
260 2780 343 2842 Gallo
366 2797 481 2860 quoque
497 2789 526 2840 et
540 2790 739 2841 accusatorum
755 2781 1015 2841 denuntiationibus
1031 2791 1061 2842 et

59 2872 175 2923 senatus
195 2865 334 2925 consultis
349 2865 384 2925 ad
400 2881 502 2924 necem
519 2866 675 2945 conpulso,
697 2865 824 2925 laudavit
839 2865 954 2943 quidem
969 2867 1059 2945 pieta-

59 2957 117 3008 tem
137 2956 288 3027 tantopere
311 2965 364 3028 pro
386 2967 419 3008 se
438 2948 660 3027 indignantium,
684 2959 811 3009 ceterum
827 2958 856 3009 et
870 2949 1061 3010 inlacrimauit

59 3040 89 3091 et
111 3034 206 3091 vicem
227 3051 306 3092 suam
332 3042 507 3111 conquestus
528 3042 588 3110 est,
611 3032 695 3114 quod
714 3032 777 3094 stoa·
794 3033 856 3094 soli
873 3052 935 3095 mom
956 3033 1063 3094 liceret

59 3115 184 3193 amicis,
212 3123 361 3196 quotenos
387 3117 492 3193 vellet,
519 3116 628 3180 irasci.
677 3117 794 3196 Reliqui
820 3117 949 3197 potentia
975 3123 1061 3192 atque

21 3222 49 3263 35
61 3202 164 3281 opibus
177 3200 213 3262 ad
224 3203 308 3262 linem
319 3204 396 3262 vitae
410 3204 454 3261 sui
470 3202 591 3280 quisque
607 3201 716 3262 ordinis
732 3203 880 3281 principes
893 3200 1061 3274 floruerunt,

60 3304 222 3365 quanquam
247 3295 276 3346 et
302 3287 420 3347 offensis
447 3286 717 3346 interuenientibus.
772 3283 958 3345 Desideravit
988 3283 1062 3342 enim

58 3388 282 3449 nonnumquam,
305 3390 343 3431 ne
366 3370 402 3430 de
423 3370 555 3449 plmibus
578 3371 717 3447 referam,
740 3379 769 3429 et
783 3368 822 3429 m.
838 3367 991 3446 Agrippae
1013 3385 1062 3446 pa·

58 3454 185 3516 tientiam
204 3464 234 3514 et
249 3455 427 3516 Maecenatis
446 3455 678 3531 taciturnitatem,
697 3471 761 3514 oum
778 3452 828 3512 ille
844 3449 1062 3594 θέ*16νῑῐτίςο-
