2334 3870
421 288 422 291 ,
445 247 475 296 G.
499 247 685 296 CALIGULA.
1011 237 1069 299 145

68 405 136 464 item
149 405 259 467 Romae
275 403 350 464 cella
366 402 487 464 Palatini
507 404 649 462 atriensis.
685 402 749 463 Nee
764 402 916 464 delueruut
938 404 985 483 qui
1002 422 1068 466 eon·

68 489 223 566 ieetareut,
258 486 350 549 altero
380 495 495 546 ostento
527 487 685 565 perieulum
722 484 927 547 aeustodibus
956 486 1069 550 domiuo

68 572 218 651 portendi,
253 572 345 631 altero
363 570 483 631 caedem
495 589 593 631 rursus
608 573 766 650 insignem,
797 571 890 650 qualis
906 571 1009 633 eodem
1024 572 1069 633 die

65 656 142 717 iacta
160 655 305 736 quondam
324 655 437 715 luisset.
482 653 650 715 consulenti
671 674 787 735 quoque
808 655 844 715 de
865 657 999 734 genitura
1019 673 1070 717 sua

41 740 146 800 tSulla
167 739 385 799 mathematicus
408 740 596 800 certissimam
619 757 721 799 necem
738 741 976 819 appropinquare
994 738 1069 799 aidr-

64 825 162 883 mavit.
194 822 367 883 Monueruut
385 832 414 882 et
427 823 574 883 Fortunae
589 821 763 898 Antiatinae,
781 832 844 884 uta
864 822 966 884 Cassio
985 840 1070 883 eave·

64 915 125 975 ret;
155 923 210 984 qua
237 923 323 967 eausa
348 907 397 966 ille
424 906 556 968 Cassium
575 905 735 983 Longinum
755 905 845 966 Asiae
867 916 924 967 tum
945 925 1069 986 procon-

65 990 155 1050 sulem
183 989 370 1051 eeeidendum
400 991 604 1068 delegaverat,
636 992 786 1050 immemor
814 987 973 1050 Chaeream
1000 989 1069 1051 Gas-

63 1074 135 1133 sium
157 1075 304 1135 nominari.
348 1073 444 1135 Pridie
466 1094 548 1155 quam
571 1076 683 1153 periret
711 1074 878 1150 somniavit,
909 1075 1070 1134 consistere

28 1174 94 1218 rose
119 1160 148 1216 in
169 1159 253 1220 eaelo
274 1159 351 1219 iuxta
377 1161 481 1220 solium
500 1160 595 1238 lovis,
624 1159 837 1238 impulsumque
856 1157 892 1218 ab
917 1176 953 1218 eo
976 1157 1070 1218 dextri

62 1242 144 1321 pedis
162 1243 272 1321 pollice
295 1244 367 1302 etin
385 1254 479 1309 terras
503 1245 732 1322 praecipitatum.
777 1243 980 1320 Prodigiorum
1001 1243 1068 1303 loeo

61 1327 159 1385 habita
175 1333 240 1384 suut
254 1328 354 1399 etiam,
385 1345 459 1402 quae
476 1328 553 1387 forte
575 1328 625 1386 illo
643 1330 709 1405 ipso
726 1329 772 1387 die
788 1327 876 1405 paulo
896 1330 975 1405 prius
993 1329 1068 1388 aeci·

63 1410 176 1468 derant.
222 1408 395 1466 sacrificans
418 1426 572 1484 respersus
598 1418 641 1466 est
664 1410 887 1486 phoenicopteri
913 1413 1091 1486 sanguinea

65 1502 94 1551 et
112 1491 303 1568 pantomimus
315 1489 443 1549 Mnester
458 1489 638 1567 tragoediam
653 1490 783 1564 saltavit,
807 1508 890 1568 quam
905 1493 973 1549 olim
992 1491 1069 1548 Neo·

31 1597 55 1636 rs
66 1573 211 1654 ptolemus
228 1571 386 1650 tragoedus
408 1571 499 1651 ludis,
524 1573 627 1651 quibus
642 1591 696 1631 rex
713 1572 902 1633 Macedonum
920 1572 1071 1651 Philippus

64 1661 180 1720 occisus
210 1666 269 1734 est,
301 1667 416 1734 egerat;
451 1666 480 1717 et
506 1676 569 1717 eum
596 1659 624 1716 in
648 1655 792 1716 Laureolo
820 1657 921 1731 mimo,
960 1658 988 1714 in
1014 1675 1069 1737 quo

63 1751 146 1803 actor
163 1743 328 1820 proripiens
353 1760 385 1802 se
411 1743 492 1802 ruina
517 1743 685 1820 sanguinem
711 1742 817 1818 vomit,
848 1739 947 1819 plures
968 1758 1070 1800 secun·

63 1828 161 1887 darum
191 1828 321 1886 certatim
352 1828 580 1905 experimentum
608 1828 678 1887 artis
705 1825 823 1902 darent,
853 1842 958 1885 cruore
983 1843 1070 1886 scena

63 1909 227 1971 abundavit.
272 1909 430 1970 Parabatur
447 1921 476 1970 et
496 1913 524 1971 in
541 1921 657 1973 noctem
673 1910 888 1989 spectaculum,
909 1927 966 1988 quo
985 1927 1068 1988 argu-

27 2017 52 2058 ao
63 2004 158 2055 menta
176 1993 333 2053 inferorum
353 2012 406 2072 per
422 1993 587 2074 Aegyptios
612 2005 641 2055 et
661 1994 824 2073 Aethiopas
843 1994 1067 2073 explicarentur.

62 2077 221 2140 v1111.K1.
243 2077 331 2137 Febr.
353 2076 423 2137 hora
439 2080 502 2139 iere
524 2081 662 2158 septima,
696 2086 846 2140 cunctatus
871 2097 905 2139 au
926 2079 962 2141 ad
984 2090 1111 2158 prun-58

62 2163 138 2224 dium
155 2170 291 2239 surgeret
310 2171 456 2222 marcente
473 2162 565 2223 adhue
580 2162 731 2224 stomacho
748 2162 869 2242 pridiani
893 2163 950 2223 eibi
965 2180 1066 2239 onere,

61 2247 175 2309 taudem
198 2243 385 2306 suadentibus
412 2248 512 2307 amieis
541 2265 680 2325 egressus
711 2256 765 2306 est.
812 2246 882 2308 Gum
904 2249 933 2306 in
955 2255 1067 2324 crypta,

62 2350 116 2411 per
131 2349 215 2410 quam
230 2329 434 2392 transeundum
450 2340 528 2407 erat,
559 2334 641 2410 pueri
657 2330 771 2391 nobiles
787 2351 825 2391 ex
841 2330 913 2392 Asia
928 2330 964 2391 ad
982 2329 1069 2390 eden·

24 2435 50 2474 κε
63 2415 114 2476 das
129 2417 158 2475 iu
183 2432 289 2473 scaena
304 2431 411 2493 operas
428 2417 544 2477 evocati
561 2425 822 2495 praepararentur,
854 2424 884 2474 ut
907 2433 959 2476 eos
981 2415 1068 2492 inspi-

62 2509 143 2560 ceret
157 2498 378 2577 hortareturque
395 2500 510 2579 restitit,
530 2519 565 2561 ac
579 2501 633 2561 nisi
651 2502 788 2580 princeps
802 2501 904 2578 gregis
918 2500 1020 2577 algere
1036 2516 1070 2558 se

61 2585 189 2660 diceret,
220 2582 317 2642 redire
338 2600 373 2643 ac
392 2595 616 2664 repraesentare
644 2584 843 2664 spectaculum
869 2585 967 2645 voluit.
1010 2583 1066 2643 Du-

61 2668 132 2747 plex
147 2665 252 2728 dehine
272 2666 347 2727 fama
370 2678 428 2730 est:
445 2669 493 2730 alii
514 2671 627 2731 tradunt
643 2671 809 2750 adloquenti
826 2686 933 2748 pueros
951 2677 1067 2746 atergo

61 2752 221 2817 Chaeream
239 2754 384 2811 cervicem
399 2752 497 2831 gladio
512 2756 619 2816 caesim
633 2755 763 2833 graviter
777 2755 970 2833 percussisse,
983 2770 1066 2832 prae·

20 2860 48 2901 ao
60 2838 147 2897 missa
165 2853 256 2896 voce:
282 2833 351 2897 lloe
366 2840 444 2918 epe!
468 2838 572 2901 dehine
586 2837 752 2900 Cornelium
768 2838 918 2915 Sabinum,
946 2836 1067 2898 alterum

60 2940 76 2982 e
106 2921 278 2996 coniuratis,
308 2919 449 2982 tribunum
476 2941 513 2983 ex
539 2925 664 2986 adverso
692 2923 843 2985 traiecisse
870 2930 987 3003 pectus;
1020 2920 1067 2981 alii

59 3004 211 3080 Sabinum,
240 3013 380 3064 summota
397 3024 451 3085 per
469 3010 604 3068 conscios
623 3010 809 3069 centuriones
825 3007 924 3086 turba,
953 3008 1067 3085 signum

58 3106 140 3150 more
160 3087 279 3148 militiae
302 3090 429 3167 petisse,
461 3101 489 3151 et
510 3091 580 3155 (laio
600 3093 700 3153 lovem
725 3092 809 3154 dante
834 3090 993 3154 Chaeream
1017 3107 1066 3150 ex·

59 3173 216 3235 clamasse:
239 3167 357 3251 Accipe
369 3177 490 3235 ratum!
507 3178 731 3257 respicientique
748 3177 892 3239 maxillam
907 3177 965 3237 ictu
981 3174 1065 3236 disci·

18 3257 147 3319 sedisse.
192 3257 338 3318 laceutem
367 3262 582 3340 contractisque
597 3261 733 3322 membris
757 3261 948 3323 clamitantem
971 3277 1006 3320 se
1020 3258 1064 3320 oi·

57 3360 131 3404 oeae
159 3341 250 3403 ceteri
280 3340 446 3404 vulneribus
475 3345 590 3422 triginta
621 3346 824 3417 conieceruut;
862 3364 925 3407 uam
953 3346 1065 3423 signum

59 3436 122 3487 erat
142 3426 281 3487 omnium:
312 3424 449 3506 Repete!
480 3429 601 3505 Quidam
623 3434 707 3492 etiam
729 3449 782 3510 per
805 3429 934 3491 obscena
957 3429 1065 3490 ferrum

58 3510 228 3589 adegerunt·
274 3507 320 3569 Ad
341 3512 452 3590 primun
485 3514 628 3564 trsmnltnm
645 3516 776 3564 lc⁶*¹“rm·'
798 3533 856 3564 ‘nm
874 3513 1019 3576 asseribus
1038 3512 1063 3560 'rt

109 3616 263 3657 eustonius.
880 3607 888 3640 l
