2334 3870
232 220 508 271 onauanmoaun
529 220 709 299 urasoaau
729 219 928 280 nuuromuu.
1015 207 1076 270 305

85 378 179 440 culum
205 386 234 438 et
259 375 434 438 Gaditanum.
472 372 670 437 Aestuaria
697 384 761 434 suut
788 375 898 452 omnia,
931 391 986 453 per
1003 391 1079 453 quaa

85 480 163 524 mare
191 461 317 521 vicissim
337 469 394 519 tum
417 458 531 518 accedit
555 467 613 519 tum
643 459 764 520 recedit.
811 458 930 518 Altum
957 459 1078 538 proprie

84 563 161 606 mare
182 543 352 624 proiundum
373 543 485 602 dicitur.
525 541 622 602 Vada
643 553 708 603 sunt
724 540 827 621 quibus
841 543 869 601 in
889 541 960 600 mari
980 550 1080 621 potest

85 631 169 706 stari,
191 646 265 708 quae
286 625 433 703 Vergilius
458 625 556 684 brevia
579 627 721 705 appellat,
748 644 822 705 quae
849 625 951 687 eadem
976 623 1080 686 Graeci

62 713 222 773 sbrachea.
267 711 374 769 Sinus
396 710 522 769 maiores
547 728 683 769 recessus
703 713 790 769 maris
811 708 960 785 dicuntur,
987 717 1018 767 ut
1037 717 1082 768 est

87 794 226 873 Caspius,
247 793 406 870 Arabicus,
430 791 560 862 ludicus;
582 795 707 851 minores
719 803 812 853 autem
828 792 924 871 anguli
938 792 1081 868 dicuutur,

86 887 117 936 ut
138 878 304 953 Paestanus,
325 875 501 952 Amyclanus
525 885 554 936 et
580 877 671 936 ceteri
693 876 810 936 similes
845 876 994 937 Flustra
1017 884 1083 936 suut

86 969 180 1039 motus
200 962 287 1020 maris
309 962 371 1020 sine
392 968 566 1040 tempestate
589 960 763 1020 fluctuantis.
804 958 930 1020 Naevius
953 963 982 1018 in
1000 959 1081 1021 bello

85 1045 211 1104 Poenico
240 1046 284 1103 sic
304 1045 355 1104 ait:
387 1041 562 1107 Onerariae
589 1050 719 1105 onustae
741 1042 870 1105 stabant
893 1043 927 1103 in
953 1040 1082 1122 ilustris,

51 1141 76 1181 m
87 1137 117 1187 ut
149 1130 173 1187 si
203 1129 328 1188 diceret:
358 1130 386 1187 in
409 1128 481 1189 salo.
527 1127 644 1189 Moles
671 1147 745 1208 quae
765 1128 890 1187 eminent
910 1134 940 1185 et
962 1144 1083 1205 procur·

86 1221 151 1269 runt
169 1213 259 1286 mari,
289 1210 324 1269 de
346 1212 448 1289 quibus
468 1212 626 1273 Pacuvius:
664 1210 776 1275 Omnes
792 1211 931 1274 latebras
951 1209 1008 1272 snb
1024 1210 1083 1273 leto

88 1292 166 1351 mole
190 1291 353 1351 obstrusas
377 1294 473 1353 sinas.
525 1293 665 1354 Caecus
691 1297 795 1355 fluctus
821 1306 933 1355 tumens
960 1295 1083 1354 necdum

88 1385 183 1433 tamen
203 1391 308 1447 canus,
329 1373 365 1431 de
388 1391 444 1450 quo
463 1373 531 1433 Atta
554 1378 583 1433 in
607 1375 718 1451 Togata
736 1379 779 1435 sic
800 1380 852 1436 ait:
883 1377 945 1436 Pro
965 1378 1084 1454 popolo

87 1456 198 1536 tinctus
210 1473 321 1517 caecos
332 1454 455 1533 facium
471 1473 529 1533 per
550 1457 756 1533 discordiam,
780 1468 809 1515 et
825 1456 990 1534 Augustus:
1020 1458 1087 1518 Nos

55 1541 225 1601 invenimus
247 1537 411 1617 Neapolim
426 1536 521 1616 tinctu
541 1538 660 1618 quidem
681 1557 784 1601 cneco.
821 1539 926 1599 Litus
949 1539 1085 1618 quidquid

90 1643 162 1703 aqua
180 1624 311 1685 adluitur.
345 1621 493 1684 Flumen
513 1623 603 1683 omnis
616 1623 717 1684 humor
735 1624 783 1702 qui
804 1622 853 1682 vel
878 1621 990 1683 modice
1013 1624 1083 1686 duit.

89 1708 250 1769 l'orrens
271 1708 372 1768 lluvius
388 1709 454 1788 quia
472 1707 569 1786 pluvia
591 1708 712 1784 crescit,
729 1708 862 1766 siccitate
878 1709 1031 1783 torrescit,
1049 1708 1119 1775 id«

89 1803 133 1853 est
149 1794 271 1862 arescit;
287 1792 323 1851 de
339 1808 396 1871 quo
412 1792 554 1852 Pacuvius
569 1794 624 1854 ait:
653 1791 809 1853 Flammea
830 1808 951 1870 copore
965 1796 1088 1852 torrens

75 1874 194 1937 'to‘rrrt
240 1873 344 1936 Ostia
373 1877 467 1936 exitus
490 1876 632 1936 domiuum
653 1878 681 1936 in
701 1895 790 1937 mare.
836 1874 935 1935 Tolli
951 1892 1087 1953 aquarum

56 1959 254 2037 nproiectus,
274 1958 375 2035 quales
388 1968 452 2017 suut
464 1961 493 2017 in
504 1959 616 2020 Aniene
635 1961 748 2020 flumine
764 1979 848 2038 quam
864 1961 985 2019 manime
1001 1977 1085 2038 prac-

92 2043 178 2120 cipiti.
224 2038 367 2100 Isidorus
382 2041 421 2100 de
435 2048 552 2103 natura
563 2062 666 2104 rernm
685 2053 827 2118 44,1-4
842 2042 890 2103 ed.
905 2041 1043 2105 Areoaii.

153 2124 198 2184 De
225 2124 384 2183 nominihus
408 2125 576 2205 ventorum]
607 2126 752 2198 Quosdam
781 2135 876 2186 autern
904 2126 1086 2205 Tranquillus

89 2209 226 2288 proprios
244 2202 374 2267 locor'um
385 2209 467 2269 llatrrs
484 2211 570 2268 certis
586 2210 716 2289 appellat
730 2209 897 2287 vocabulis,
912 2228 968 2289 quo
985 2228 1021 2268 ex
1036 2228 1086 2270 nu·

90 2308 170 2352 mero
194 2301 258 2351 suut
275 2293 305 2350 in
329 2293 412 2367 Syria
436 2293 542 2368 Syrus,
568 2291 711 2354 Garbasus
732 2292 894 2370 incilicia,
915 2296 944 2353 in
958 2294 1087 2372 Propon·

56 2399 81 2438 au
92 2376 150 2435 tide
168 2374 322 2451 Thracias,
344 2376 372 2433 in
387 2375 483 2435 Attica
500 2377 620 2454 Sciron,
642 2380 670 2437 iu
685 2377 776 2438 Gallia
792 2377 920 2454 Circius,
942 2380 970 2437 in
984 2377 1088 2456 Hispa·

91 2460 136 2518 nia
153 2458 356 2518 Sucronensis.
391 2457 537 2521 isidorus
551 2460 590 2522 de
608 2467 724 2522 natura
737 2480 841 2522 cerrum
857 2470 903 2536 37,
922 2471 951 2522 5.

151 2558 226 2608 Nolui
240 2558 280 2609 mc
291 2567 404 2625 repetere
419 2544 531 2604 Versus
552 2546 588 2605 de
603 2545 657 2604 Xll
672 2548 765 2606 ventis
785 2544 944 2625 Tranquilli
961 2542 1087 2625 physici,

90 2642 154 2694 quos
167 2628 255 2678 elibro
268 2628 426 2680 Bruxellensi
440 2644 480 2680 no.
495 2629 576 2680 10721
596 2629 665 2680 Sacc.
678 2629 734 2680 XII.
749 2630 896 2681 Theodorus
908 2629 999 2681 Oehler
1011 2630 1089 2682 edidit

89 2699 116 2747 in
127 2696 214 2746 Museo
225 2697 347 2748 Rhenauo
365 2699 429 2749 1842
440 2716 466 2764 p.
482 2697 531 2750 130
543 2716 598 2763 sqq.

55 2793 82 2833 30
154 2765 308 2844 stipulari]
334 2767 488 2826 Suetonius
504 2777 597 2827 autem
616 2770 733 2844 passive
750 2769 869 2847 protulit
887 2769 914 2826 in
930 2765 993 2827 llll.
1010 2767 1088 2828 Pra-

90 2859 223 2909 torum:
247 2846 410 2926 Laetoria,
429 2867 509 2930 qnae
518 2858 602 2912 octat
613 2852 761 2912 minorem
777 2851 868 2911 annis
882 2851 992 2930 oipinti
1004 2851 1088 2930 qnin-

90 2948 149 3013 que
162 2931 309 3009 stipulari
316 2928 588 3074 qinepnnciuiinc).
604 2934 787 2996 Priscianus
799 2943 826 3012 8,
841 2945 870 3010 4,
890 2944 925 2995 21
935 2954 969 3014 p.
985 2941 1042 2995 194
1053 2933 1087 2995 Ρ.

90 3015 244 3076 Suetonius
264 3016 291 3073 in
309 3014 322 3075 l
337 3015 372 3076 ll.
396 3017 584 3077 Pratorum
604 3019 704 3078 minor
724 3019 832 3099 oiqinti
846 3019 977 3099 quinque
992 3036 1087 3079 anno·

89 3117 158 3160 rum
180 3099 329 3177 stipulari
345 3120 407 3161 non
426 3107 528 3178 potest
542 3104 658 3179 passive
675 3101 755 3162 dixit.
781 3102 962 3163 Priscianus
978 3111 1025 3178 18,
1043 3109 1087 3179 19,

54 3190 150 3250 silui
160 3201 194 3260 p.
211 3191 288 3245 1164
303 3182 338 3244 Ρ.

154 3268 308 3327 Suetonius
324 3269 352 3327 in
366 3267 443 3328 Vlll.
460 3270 667 3330 Pratorum:
699 3270 789 3333 Posti
808 3271 875 3331 dies
895 3278 966 3331 srrnt
979 3268 1088 3350 quibus

90 3351 140 3410 ius
157 3349 262 3430 futur,
291 3351 326 3412 id
344 3358 390 3414 est
409 3352 538 3430 dicitnr,
566 3360 601 3414 nt
620 3353 736 3432 nefasti
753 3355 864 3434 quibus
883 3373 945 3417 non
965 3355 1082 3416 dicitu.

91 3433 274 3495 Priscianus
289 3443 318 3513 8,
331 3447 361 3513 4,
375 3446 413 3500 20
420 3455 453 3517 p.
469 3436 562 3499 793P.
579 3435 722 3501 [sidonas
734 3439 895 3502 denatura
907 3458 1010 3501 rernm
1022 3447 1047 3499 1.
1058 3447 1078 3483 Α

142 3538 295 3581 sosronms.
873 3526 913 3587 20
