2334 3870
230 223 506 273 nurunnuronuu
527 223 708 271 urnnonnu
731 223 930 282 nuuroumu.
1031 213 1091 275 287

93 381 226 443 [cuderet
238 389 351 459 partes,
369 379 462 457 primo
475 377 610 452 Quirinus
626 387 671 438 est
686 379 801 454 dictus,
810 377 877 438 inde
890 377 1010 456 Caesar,
1025 388 1093 458 post

93 466 249 526 innomine
263 465 420 544 permansit
430 462 563 539 Augusti.
588 461 774 524 Screiusad
786 422 875 541 l'erp.
890 462 1033 541 Georp
1004 471 1022 524 3
1046 471 1092 523 27.

95 550 230 612 Ioannes
245 546 431 608 Laurentius
452 543 558 625 quus
582 547 621 608 dc
639 546 796 608 mensibus
821 555 841 606 4
867 564 899 624 9.
925 553 979 606 101
993 508 1091 608 Bdnn

99 633 206 695 Verum
223 632 388 693 Suetonius
404 647 503 709 supra
516 649 549 709 9.
570 639 610 691 do
624 630 661 690 de
679 629 824 708 Thurino,
837 648 899 692 non
914 630 953 690 de
965 626 1093 702 Quirino

74 716 274 799 scoqnomine
289 721 515 776 commemorat

156 799 332 860 Naturaliter
347 798 517 876 Augustus'
509 814 614 875 igneos
627 796 728 858 oculos
743 798 879 858 habuisse
891 798 1005 877 dicitur,
1021 797 1094 858 adeo

94 896 125 945 ut
141 883 268 945 obtutum
285 886 346 944 eius
364 901 447 944 nemo
463 891 563 943 contra
583 890 739 960 aspectare
755 891 871 960 posset,
891 883 1013 962 denique
1034 884 1095 960 qui·

96 969 158 1029 dam
175 986 264 1048 eques
278 969 424 1028 Romanus
443 968 639 1044 interrogatus
656 964 692 1025 ab
709 983 761 1044 eo,
778 983 829 1024 cur
844 983 876 1026 se
892 969 956 1026 viso
968 975 1095 1026 verteret

94 1054 215 1128 faciem,
232 1052 351 1112 dixerit:
371 1054 435 1131 quia
448 1051 557 1112 fulmen
570 1050 722 1110 oculorum
737 1059 849 1110 tuorum
861 1050 941 1110 ierne
955 1066 1013 1109 non
1028 1066 1096 1128 pos·

59 1157 170 1207 rosum;
195 1137 268 1197 sicut
288 1137 327 1195 ait
347 1136 511 1196 Suetonius
541 1133 671 1195 Servius
693 1134 738 1193 ad
762 1131 850 1216 Verp.
876 1134 952 1195 Aen.
978 1142 1006 1209 8,
1027 1139 1095 1194 680.

95 1219 212 1280 Horum
229 1220 383 1280 minimam
398 1228 519 1296 partem
530 1219 623 1280 labet
634 1218 801 1280 Suetonius
812 1237 912 1299 supra
919 1237 953 1298 9
969 1226 1006 1279 73
1008 1216 1093 1297 ,ple-

95 1320 194 1380 raque
208 1300 354 1361 Aurelius
371 1301 503 1362 Victor
491 1323 523 1361 m
540 1305 710 1380 epitomen
728 1311 774 1362 20.

159 1377 337 1445 Koloenon
344 1376 571 1480 Τράγκνλλος
585 1380 622 1443 ἐν
636 1392 704 1478 τοῖς
702 1348 796 1480 περὶ
806 1374 1009 1463 Ανγούστου
1022 1381 1094 1443 δια-

96 1464 203 1549 μέμνη
205 1485 274 1528 ται·
300 1457 415 1527 ἰδόντα
416 1457 492 1563 γᾴρ
516 1477 598 1544 φησι
620 1454 679 1525 τὸν
700 1456 902 1561 Αὔγουστον
923 1462 959 1524 ἐν
981 1461 1077 1547 uplirr
1054 1482 1098 1523 rr-

63 1578 88 1616 15
98 1550 268 1656 nqdpopipp
280 1538 372 1621 τινας
385 1545 451 1609 τῶν
459 1537 633 1647 Ῥαμαίων
646 1537 745 1607 ἐπὶ
711 1566 748 1608 ro
758 1538 967 1644 βαρβαρικὸν
980 1526 1097 1607 idoal-

97 1632 220 1736 μενονς
244 1625 481 1733 ἀγανακτῆσαι,
498 1620 542 1732 αἱς
557 1621 626 1691 ἐν’
607 1638 727 1731 annosi
743 1649 823 1701 τους
836 1627 1097 1710 καταγνωσθέν-

97 1740 153 1791 roc
168 1710 399 1799 ἀποβαλόντας
415 1707 452 1778 τὸ
473 1708 648 1797 βάρβαρον
668 1706 763 1796 μόγις
779 1710 1028 1795 ἐπιγνωσθῆναι
1052 1734 1097 1799 spa

96 1804 248 1885 Καίσαρι.
281 1803 417 1865 Ioannes
433 1801 621 1862 Laurentius
640 1799 744 1880 Lydus
767 1800 805 1860 de
817 1799 991 1879 mnpistrat.
1008 1781 1095 1859 Rom.

100 1899 125 1964 1,
145 1897 181 1948 12
200 1907 232 1965 9
250 1887 421 1948 131Bonn.
446 1893 755 1966 quorumpostremn
777 1885 864 1964 apud
887 1883 1096 1964 Tranquillum

62 1991 129 2050 rop.
148 1979 196 2045 56,
217 1970 493 2048 3dnonlequntur.

163 2054 307 2112 Sexcenta
328 2054 405 2112 milia
427 2052 596 2112 ludaeorum
619 2072 655 2114 eo
673 2054 753 2114 bello
769 2054 923 2113 interfecta
943 2050 1095 2112 Cornelius

95 2137 124 2187 et
144 2129 299 2186 Suetonius
321 2127 458 2186 referunt.
507 2125 640 2189 Orosius
660 2138 687 2204 7,
712 2137 738 2188 9.
783 2128 867 2189 Sanc
887 2127 1043 2189 Eusebius
1064 2129 1096 2188 in

96 2210 250 2272 Chronico
266 2216 296 2270 cl
315 2209 443 2272 Tacitus
459 2210 529 2272 bist.
551 2221 653 2287 5,13,·
673 2212 840 2273 Srtctonius
854 2232 916 2274 non
931 2211 1010 2273 ilem.

161 2307 198 2367 X.
227 2302 362 2387 Στέμμα
374 2295 545 2386 Ῥωμαίων
559 2258 693 2385 dudonis
707 2297 886 2387 ἐπισήμων.
913 2307 1041 2369 Snidas

62 2418 89 2454 ns
168 2405 324 2455 Vocabulum
341 2399 455 2469 Σιέμμα
472 2406 505 2455 ad
527 2406 681 2470 superiorem
701 2407 798 2457 titulum
817 2408 942 2473 pertinere
963 2419 1053 2457 censeo
1073 2413 1098 2455 et

101 2473 242 2524 addendam
261 2472 309 2521 hoc
324 2474 377 2523 loco
393 2475 604 2539 praepositionem
622 2473 695 2536 περί.
716 2472 865 2538 Σιὲμμαια
886 2477 1018 2542 proposuit
1040 2489 1096 2524 cnm

101 2541 236 2592 Ernestio
229 2555 254 2590 un
267 2542 373 2592 Fabrrcu
384 2542 570 2604 bibliotheca?
587 2559 613 2608 p.
629 2543 681 2594 464
697 2545 772 2594 etiam
786 2544 943 2609 Bernhardy.

161 2625 308 2701 Hortaris,
330 2624 455 2703 Dexter,
473 2636 502 2686 ut
518 2627 711 2706 Tranquillum
732 2646 857 2707 sequens
879 2628 1097 2689 ecclesiasticos

100 2710 259 2789 scriptores
281 2710 310 2768 in
331 2711 460 2770 ordinem
481 2711 626 2789 digeram,
645 2721 674 2771 et
690 2712 766 2791 quod
784 2714 860 2773 ille'
853 2732 880 2771 un
898 2712 1097 2772 enumerandis

61 2817 88 2856 ao
99 2794 246 2870 gentilium
255 2793 523 2856 litterarumviris
538 2797 609 2856 fecit
629 2797 857 2874 illustribus,
875 2814 932 2873 ego
949 2798 977 2855 iu
990 2797 1098 2855 nostris

97 2879 213 2952 faciam,
229 2876 257 2936 id
274 2887 318 2936 est
332 2888 396 2938 ut.
406 2897 528 2939 omnes
541 2882 588 2959 qui
602 2880 637 2941 de
654 2882 806 2959 scripturis
820 2882 927 2941 sanctis
942 2881 1098 2940 memoriae

98 2961 206 3041 aliquid
226 2960 413 3040 prodiderunt
430 2963 480 3022 tibi
498 2963 627 3024 breviter
640 2982 794 3062 exponam
826 2964 971 3025 Fecerunt
983 2963 1098 3043 quidem

97 3046 156 3106 hoc
174 3046 249 3105 idem
265 3047 340 3124 apud
357 3046 486 3107 Graecos
501 3047 676 3128 Hermippus
691 3049 917 3128 peripateticus,
934 3049 1098 3125 Antigonus

99 3127 264 3207 Carystius,
281 3130 401 3230 Satyrus
418 3129 562 3190 doctus'
534 3150 594 3209 ιιι,
611 3141 640 3191 et
656 3132 745 3210 louge
768 3135 890 3197 omnium
916 3133 1098 3192 doctissimus

62 3233 89 3274 ss
100 3214 294 3274 Aristoxenus
323 3216 463 3284 musicus;
494 3216 570 3293 apud
595 3216 710 3276 Latinos
739 3227 833 3277 autem
856 3218 968 3292 Varro,
986 3218 1097 3311 Santra,

99 3297 220 3376 Nepos,
243 3297 373 3376 Hyginus
390 3308 419 3359 et
442 3299 492 3376 (ad
509 3301 590 3359 cuius
605 3317 659 3360 nos
675 3303 838 3380 exemplum
854 3304 899 3360 vis
915 3299 1090 3379 provocare]

101 3381 294 3460 Tranquillus.
323 3381 530 3462 Hieronymus
545 3383 588 3443 nd
601 3382 752 3445 Dextrum
764 3393 784 3447 t.
803 3393 821 3446 2
832 3404 865 3465 9.
885 3393 942 3445 821
961 3382 1095 3445 Vallars.

101 3465 212 3543 Scripsi
236 3465 338 3526 librum
360 3467 402 3527 de
427 3467 648 3527 illustribus
677 3470 771 3530 viris
789 3515 795 3528 .
814 3514 820 3528 .
839 3515 846 3530 .
862 3470 985 3529 imitatu«
1008 3468 1088 3528 Trou
