<?xml version="1.0" encoding="UTF-8"?>
<!DOCTYPE html PUBLIC "-//W3C//DTD XHTML 1.0 Transitional//EN"
    "http://www.w3.org/TR/xhtml1/DTD/xhtml1-transitional.dtd">
<html xmlns="http://www.w3.org/1999/xhtml" xml:lang="en" lang="en">
 <head>
  <title>
</title>
<meta http-equiv="Content-Type" content="text/html;charset=utf-8" />
  <meta name='ocr-system' content='tesseract 3.04.00' />
  <meta name='ocr-capabilities' content='ocr_page ocr_carea ocr_par ocr_line ocrx_word'/>
</head>
<body>
  <div class='ocr_page' id='page_1' title='image "./csuetonitranqui00trangoog_0270.png"; bbox 0 0 2334 3870; ppageno 0'>
   <div class='ocr_carea' id='block_1_1' title="bbox 417 219 1165 282">
    <p class='ocr_par' dir='ltr' id='par_1_1' title="bbox 417 219 1165 282">
     <span class='ocr_line' id='line_1_1' title="bbox 417 219 1165 282; baseline 0.02 -15"><span class='ocrx_word' id='word_1_1' title='bbox 417 225 522 274; x_wconf 85' lang='lat' dir='ltr'><strong>orvus</strong></span> <span class='ocrx_word' id='word_1_2' title='bbox 536 226 717 276; x_wconf 82' lang='lat' dir='ltr'><strong>eunomus.</strong></span> <span class='ocrx_word' id='word_1_3' title='bbox 1006 219 1064 282; x_wconf 83' lang='lat'><strong>159</strong></span> <span class='ocrx_word' id='word_1_4' title='bbox 1162 246 1165 250; x_wconf 94' lang='lat'>·</span> 
     </span>
    </p>
   </div>
   <div class='ocr_carea' id='block_1_2' title="bbox 18 380 1106 3389">
    <p class='ocr_par' dir='ltr' id='par_1_2' title="bbox 40 380 1065 1135">
     <span class='ocr_line' id='line_1_2' title="bbox 65 380 1064 460; baseline 0.01 -21"><span class='ocrx_word' id='word_1_5' title='bbox 65 381 163 460; x_wconf 90' lang='lat' dir='ltr'><strong>ditque</strong></span> <span class='ocrx_word' id='word_1_6' title='bbox 189 380 349 460; x_wconf 90' lang='lat' dir='ltr'><strong>paludatus.</strong></span> <span class='ocrx_word' id='word_1_7' title='bbox 384 381 458 455; x_wconf 83' lang='lat' dir='ltr'><strong>Quin</strong></span> <span class='ocrx_word' id='word_1_8' title='bbox 482 389 511 440; x_wconf 88' lang='lat' dir='ltr'><strong>ct</strong></span> <span class='ocrx_word' id='word_1_9' title='bbox 538 384 693 443; x_wconf 91' lang='lat' dir='ltr'><strong>emissurus</strong></span> <span class='ocrx_word' id='word_1_10' title='bbox 716 383 855 444; x_wconf 83' lang='lat' dir='ltr'><strong>Fucinum</strong></span> <span class='ocrx_word' id='word_1_11' title='bbox 881 385 976 448; x_wconf 90' lang='lat' dir='ltr'><strong>lacum</strong></span> <span class='ocrx_word' id='word_1_12' title='bbox 996 405 1064 449; x_wconf 89' lang='lat' dir='ltr'><strong>nau·</strong></span> 
     </span>
     <span class='ocr_line' id='line_1_3' title="bbox 64 465 1064 547; baseline 0.008 -22"><span class='ocrx_word' id='word_1_13' title='bbox 64 466 203 525; x_wconf 90' lang='lat' dir='ltr'><strong>machiam</strong></span> <span class='ocrx_word' id='word_1_14' title='bbox 220 473 286 526; x_wconf 89' lang='lat' dir='ltr'><strong>ante</strong></span> <span class='ocrx_word' id='word_1_15' title='bbox 303 466 453 524; x_wconf 85' lang='lat' dir='ltr'><strong>commisit.</strong></span> <span class='ocrx_word' id='word_1_16' title='bbox 475 465 533 525; x_wconf 87' lang='lat' dir='ltr'><strong>Sed</strong></span> <span class='ocrx_word' id='word_1_17' title='bbox 548 484 611 527; x_wconf 91' lang='lat' dir='ltr'><strong>oum</strong></span> <span class='ocrx_word' id='word_1_18' title='bbox 623 469 869 547; x_wconf 79' lang='lat' dir='ltr'>proclamantibus</span> <span class='ocrx_word' id='word_1_19' title='bbox 884 471 1064 533; x_wconf 87' lang='lat' dir='ltr'><strong>naumachia-</strong></span> 
     </span>
     <span class='ocr_line' id='line_1_4' title="bbox 65 548 1065 633; baseline 0.007 -24"><span class='ocrx_word' id='word_1_20' title='bbox 65 553 129 610; x_wconf 89' lang='lat' dir='ltr'><strong>riis:</strong></span> <span class='ocrx_word' id='word_1_21' title='bbox 158 548 249 611; x_wconf 84' lang='lat' dir='ltr'><strong>Hanc</strong></span> <span class='ocrx_word' id='word_1_22' title='bbox 260 551 447 628; x_wconf 80' lang='lat' dir='ltr'><strong>imperator,</strong></span> <span class='ocrx_word' id='word_1_23' title='bbox 464 551 608 612; x_wconf 81' lang='lat' dir='ltr'><strong>morituri</strong></span> <span class='ocrx_word' id='word_1_24' title='bbox 621 559 649 612; x_wconf 88' lang='lat' dir='ltr'><strong>te</strong></span> <span class='ocrx_word' id='word_1_25' title='bbox 663 553 820 614; x_wconf 77' lang='lat' dir='ltr'><strong>salutant!</strong></span> <span class='ocrx_word' id='word_1_26' title='bbox 841 554 1065 633; x_wconf 82' lang='lat' dir='ltr'><strong>respondisset:</strong></span> 
     </span>
     <span class='ocr_line' id='line_1_5' title="bbox 64 633 1065 718; baseline 0.004 -24"><span class='ocrx_word' id='word_1_27' title='bbox 64 633 126 695; x_wconf 84' lang='lat' dir='ltr'><strong>Act</strong></span> <span class='ocrx_word' id='word_1_28' title='bbox 138 637 218 696; x_wconf 84' lang='lat' dir='ltr'><strong>non!</strong></span> <span class='ocrx_word' id='word_1_29' title='bbox 233 652 328 712; x_wconf 88' lang='lat' dir='ltr'><strong>neque</strong></span> <span class='ocrx_word' id='word_1_30' title='bbox 344 633 499 713; x_wconf 87' lang='lat' dir='ltr'><strong>posthanc</strong></span> <span class='ocrx_word' id='word_1_31' title='bbox 515 652 619 694; x_wconf 84' lang='lat' dir='ltr'><strong>vocem</strong></span> <span class='ocrx_word' id='word_1_32' title='bbox 635 639 716 715; x_wconf 84' lang='lat' dir='ltr'>quasi</span> <span class='ocrx_word' id='word_1_33' title='bbox 734 639 815 699; x_wconf 82' lang='lat' dir='ltr'><strong>venia</strong></span> <span class='ocrx_word' id='word_1_34' title='bbox 831 638 896 699; x_wconf 87' lang='lat' dir='ltr'><strong>data</strong></span> <span class='ocrx_word' id='word_1_35' title='bbox 913 640 1065 718; x_wconf 84' lang='lat' dir='ltr'><strong>quisquam</strong></span> 
     </span>
     <span class='ocr_line' id='line_1_6' title="bbox 40 717 1065 801; baseline 0.007 -25"><span class='ocrx_word' id='word_1_36' title='bbox 40 719 199 780; x_wconf 78' lang='lat' dir='ltr'><strong>sdimicare</strong></span> <span class='ocrx_word' id='word_1_37' title='bbox 215 718 323 794; x_wconf 88' lang='lat' dir='ltr'><strong>vellet,</strong></span> <span class='ocrx_word' id='word_1_38' title='bbox 350 717 397 776; x_wconf 92' lang='lat' dir='ltr'><strong>diu</strong></span> <span class='ocrx_word' id='word_1_39' title='bbox 418 726 567 778; x_wconf 90' lang='lat' dir='ltr'><strong>cunctatus</strong></span> <span class='ocrx_word' id='word_1_40' title='bbox 586 737 620 778; x_wconf 93' lang='lat' dir='ltr'><strong>an</strong></span> <span class='ocrx_word' id='word_1_41' title='bbox 636 725 726 781; x_wconf 89' lang='lat' dir='ltr'><strong>omnis</strong></span> <span class='ocrx_word' id='word_1_42' title='bbox 744 723 804 799; x_wconf 82' lang='lat' dir='ltr'><strong>igni</strong></span> <span class='ocrx_word' id='word_1_43' title='bbox 819 724 959 801; x_wconf 85' lang='lat' dir='ltr'><strong>ferroque</strong></span> <span class='ocrx_word' id='word_1_44' title='bbox 980 723 1065 783; x_wconf 90' lang='lat' dir='ltr'><strong>absu-</strong></span> 
     </span>
     <span class='ocr_line' id='line_1_7' title="bbox 62 800 1065 883; baseline 0.003 -21"><span class='ocrx_word' id='word_1_45' title='bbox 62 812 173 877; x_wconf 90' lang='lat' dir='ltr'><strong>meret,</strong></span> <span class='ocrx_word' id='word_1_46' title='bbox 190 800 304 862; x_wconf 86' lang='lat' dir='ltr'><strong>tandem</strong></span> <span class='ocrx_word' id='word_1_47' title='bbox 319 819 335 860; x_wconf 91' lang='lat' dir='ltr'><strong>c</strong></span> <span class='ocrx_word' id='word_1_48' title='bbox 351 801 420 861; x_wconf 92' lang='lat' dir='ltr'><strong>sede</strong></span> <span class='ocrx_word' id='word_1_49' title='bbox 436 821 488 863; x_wconf 90' lang='lat' dir='ltr'><strong>sua</strong></span> <span class='ocrx_word' id='word_1_50' title='bbox 503 802 639 881; x_wconf 90' lang='lat' dir='ltr'><strong>prosiluit</strong></span> <span class='ocrx_word' id='word_1_51' title='bbox 652 823 687 863; x_wconf 95' lang='lat' dir='ltr'><strong>ac</strong></span> <span class='ocrx_word' id='word_1_52' title='bbox 700 823 754 883; x_wconf 91' lang='lat' dir='ltr'><strong>per</strong></span> <span class='ocrx_word' id='word_1_53' title='bbox 763 807 895 867; x_wconf 88' lang='lat' dir='ltr'><strong>ambitum</strong></span> <span class='ocrx_word' id='word_1_54' title='bbox 909 808 989 867; x_wconf 91' lang='lat' dir='ltr'><strong>iacus</strong></span> <span class='ocrx_word' id='word_1_55' title='bbox 1005 824 1065 866; x_wconf 92' lang='lat' dir='ltr'><strong>uon</strong></span> 
     </span>
     <span class='ocr_line' id='line_1_8' title="bbox 64 885 1064 971; baseline 0.005 -25"><span class='ocrx_word' id='word_1_56' title='bbox 64 889 127 946; x_wconf 91' lang='lat' dir='ltr'><strong>sine</strong></span> <span class='ocrx_word' id='word_1_57' title='bbox 148 885 236 946; x_wconf 85' lang='lat' dir='ltr'><strong>foeda</strong></span> <span class='ocrx_word' id='word_1_58' title='bbox 261 885 446 946; x_wconf 89' lang='lat' dir='ltr'><strong>vacillatione</strong></span> <span class='ocrx_word' id='word_1_59' title='bbox 471 886 652 964; x_wconf 77' lang='lat' dir='ltr'>discurrens,</span> <span class='ocrx_word' id='word_1_60' title='bbox 683 891 785 968; x_wconf 90' lang='lat' dir='ltr'><strong>partim</strong></span> <span class='ocrx_word' id='word_1_61' title='bbox 806 891 938 951; x_wconf 90' lang='lat' dir='ltr'><strong>minando</strong></span> <span class='ocrx_word' id='word_1_62' title='bbox 959 893 1064 971; x_wconf 90' lang='lat' dir='ltr'><strong>partim</strong></span> 
     </span>
     <span class='ocr_line' id='line_1_9' title="bbox 63 968 1062 1053; baseline 0.004 -22"><span class='ocrx_word' id='word_1_63' title='bbox 63 969 242 1031; x_wconf 76' lang='lat' dir='ltr'>adhortando</span> <span class='ocrx_word' id='word_1_64' title='bbox 259 968 295 1030; x_wconf 95' lang='lat' dir='ltr'><strong>ad</strong></span> <span class='ocrx_word' id='word_1_65' title='bbox 310 988 435 1048; x_wconf 80' lang='lat' dir='ltr'><strong>pugnam</strong></span> <span class='ocrx_word' id='word_1_66' title='bbox 454 972 602 1050; x_wconf 87' lang='lat' dir='ltr'><strong>compulit.</strong></span> <span class='ocrx_word' id='word_1_67' title='bbox 631 972 695 1033; x_wconf 90' lang='lat' dir='ltr'><strong>Hoc</strong></span> <span class='ocrx_word' id='word_1_68' title='bbox 713 975 883 1053; x_wconf 89' lang='lat' dir='ltr'><strong>spectaculo</strong></span> <span class='ocrx_word' id='word_1_69' title='bbox 903 976 1004 1035; x_wconf 90' lang='lat' dir='ltr'><strong>classis</strong></span> <span class='ocrx_word' id='word_1_70' title='bbox 1020 977 1062 1036; x_wconf 87' lang='lat' dir='ltr'><strong>Si-</strong></span> 
     </span>
     <span class='ocr_line' id='line_1_10' title="bbox 63 1054 1064 1135; baseline 0.003 -20"><span class='ocrx_word' id='word_1_71' title='bbox 63 1054 126 1115; x_wconf 86' lang='lat' dir='ltr'><strong>ouia</strong></span> <span class='ocrx_word' id='word_1_72' title='bbox 139 1063 168 1113; x_wconf 90' lang='lat' dir='ltr'><strong>et</strong></span> <span class='ocrx_word' id='word_1_73' title='bbox 178 1054 291 1114; x_wconf 87' lang='lat' dir='ltr'><strong>Rhodia</strong></span> <span class='ocrx_word' id='word_1_74' title='bbox 305 1064 530 1133; x_wconf 88' lang='lat' dir='ltr'><strong>concurrerunt,</strong></span> <span class='ocrx_word' id='word_1_75' title='bbox 544 1055 738 1118; x_wconf 89' lang='lat' dir='ltr'><strong>duodenarum</strong></span> <span class='ocrx_word' id='word_1_76' title='bbox 751 1059 908 1117; x_wconf 80' lang='lat' dir='ltr'><strong>triremium</strong></span> <span class='ocrx_word' id='word_1_77' title='bbox 920 1055 1064 1135; x_wconf 83' lang='lat' dir='ltr'><strong>siuguiae,</strong></span> 
     </span>
    </p>

    <p class='ocr_par' dir='ltr' id='par_1_3' title="bbox 27 1137 1065 1283">
     <span class='ocr_line' id='line_1_11' title="bbox 27 1137 1065 1221; baseline 0.003 -22"><span class='ocrx_word' id='word_1_78' title='bbox 27 1159 51 1200; x_wconf 92' lang='lat' dir='ltr'><strong>ro</strong></span> <span class='ocrx_word' id='word_1_79' title='bbox 62 1140 197 1198; x_wconf 85' lang='lat' dir='ltr'><strong>exciente</strong></span> <span class='ocrx_word' id='word_1_80' title='bbox 223 1137 327 1198; x_wconf 89' lang='lat' dir='ltr'><strong>bucina</strong></span> <span class='ocrx_word' id='word_1_81' title='bbox 349 1137 468 1201; x_wconf 70' lang='lat' dir='ltr'><strong>&#39;britone</strong></span> <span class='ocrx_word' id='word_1_82' title='bbox 495 1150 653 1220; x_wconf 83' lang='lat' dir='ltr'><strong>argenteo,</strong></span> <span class='ocrx_word' id='word_1_83' title='bbox 681 1144 729 1221; x_wconf 89' lang='lat' dir='ltr'><strong>qui</strong></span> <span class='ocrx_word' id='word_1_84' title='bbox 754 1160 771 1201; x_wconf 89' lang='lat' dir='ltr'><strong>e</strong></span> <span class='ocrx_word' id='word_1_85' title='bbox 796 1141 892 1202; x_wconf 89' lang='lat' dir='ltr'><strong>medio</strong></span> <span class='ocrx_word' id='word_1_86' title='bbox 920 1143 986 1202; x_wconf 89' lang='lat' dir='ltr'><strong>lacu</strong></span> <span class='ocrx_word' id='word_1_87' title='bbox 1011 1160 1065 1221; x_wconf 89' lang='lat' dir='ltr'><strong>per</strong></span> 
     </span>
     <span class='ocr_line' id='line_1_12' title="bbox 59 1222 401 1283; baseline 0 -1"><span class='ocrx_word' id='word_1_88' title='bbox 59 1222 218 1283; x_wconf 87' lang='lat' dir='ltr'><strong>machinam</strong></span> <span class='ocrx_word' id='word_1_89' title='bbox 234 1233 401 1283; x_wconf 82' lang='lat' dir='ltr'><strong>emerserat.</strong></span> 
     </span>
    </p>

    <p class='ocr_par' dir='ltr' id='par_1_4' title="bbox 59 1306 1106 1547">
     <span class='ocr_line' id='line_1_13' title="bbox 124 1306 1106 1388; baseline 0.008 -23"><span class='ocrx_word' id='word_1_90' title='bbox 124 1306 270 1382; x_wconf 87' lang='lat' dir='ltr'><strong>Quaedam</strong></span> <span class='ocrx_word' id='word_1_91' title='bbox 288 1308 366 1365; x_wconf 86' lang='lat' dir='ltr'><strong>circa</strong></span> <span class='ocrx_word' id='word_1_92' title='bbox 382 1308 572 1367; x_wconf 87' lang='lat' dir='ltr'><strong>caerimonias</strong></span> <span class='ocrx_word' id='word_1_93' title='bbox 589 1311 762 1388; x_wconf 87' lang='lat' dir='ltr'><strong>civilemque</strong></span> <span class='ocrx_word' id='word_1_94' title='bbox 785 1319 813 1369; x_wconf 90' lang='lat' dir='ltr'><strong>et</strong></span> <span class='ocrx_word' id='word_1_95' title='bbox 832 1313 984 1371; x_wconf 88' lang='lat' dir='ltr'><strong>militarem</strong></span> <span class='ocrx_word' id='word_1_96' title='bbox 999 1321 1106 1374; x_wconf 71' lang='lat' dir='ltr'><strong>mo-bb</strong></span> 
     </span>
     <span class='ocr_line' id='line_1_14' title="bbox 59 1390 1061 1471; baseline 0.001 -20"><span class='ocrx_word' id='word_1_97' title='bbox 59 1409 138 1467; x_wconf 91' lang='lat' dir='ltr'><strong>rem,</strong></span> <span class='ocrx_word' id='word_1_98' title='bbox 165 1392 234 1448; x_wconf 91' lang='lat' dir='ltr'><strong>item</strong></span> <span class='ocrx_word' id='word_1_99' title='bbox 257 1391 336 1447; x_wconf 89' lang='lat' dir='ltr'><strong>circa</strong></span> <span class='ocrx_word' id='word_1_100' title='bbox 360 1391 483 1448; x_wconf 90' lang='lat' dir='ltr'><strong>omnium</strong></span> <span class='ocrx_word' id='word_1_101' title='bbox 505 1390 633 1449; x_wconf 88' lang='lat' dir='ltr'><strong>ordinum</strong></span> <span class='ocrx_word' id='word_1_102' title='bbox 652 1402 755 1450; x_wconf 87' lang='lat' dir='ltr'><strong>statum</strong></span> <span class='ocrx_word' id='word_1_103' title='bbox 771 1392 846 1452; x_wconf 91' lang='lat' dir='ltr'><strong>domi</strong></span> <span class='ocrx_word' id='word_1_104' title='bbox 865 1396 997 1471; x_wconf 83' lang='lat' dir='ltr'><strong>forisque</strong></span> <span class='ocrx_word' id='word_1_105' title='bbox 1013 1404 1061 1454; x_wconf 88' lang='lat' dir='ltr'><strong>ant</strong></span> 
     </span>
     <span class='ocr_line' id='line_1_15' title="bbox 63 1469 1065 1547; baseline -0.003 -12"><span class='ocrx_word' id='word_1_106' title='bbox 63 1474 207 1547; x_wconf 85' lang='lat' dir='ltr'><strong>correxit,</strong></span> <span class='ocrx_word' id='word_1_107' title='bbox 229 1480 275 1531; x_wconf 90' lang='lat' dir='ltr'><strong>aut</strong></span> <span class='ocrx_word' id='word_1_108' title='bbox 296 1469 412 1531; x_wconf 87' lang='lat' dir='ltr'><strong>exoleta</strong></span> <span class='ocrx_word' id='word_1_109' title='bbox 433 1474 601 1547; x_wconf 89' lang='lat' dir='ltr'><strong>revocavit,</strong></span> <span class='ocrx_word' id='word_1_110' title='bbox 624 1476 771 1532; x_wconf 89' lang='lat' dir='ltr'><strong>autetiam</strong></span> <span class='ocrx_word' id='word_1_111' title='bbox 787 1493 863 1535; x_wconf 90' lang='lat' dir='ltr'><strong>nova</strong></span> <span class='ocrx_word' id='word_1_112' title='bbox 878 1479 1008 1534; x_wconf 89' lang='lat' dir='ltr'><strong>instituit.</strong></span> <span class='ocrx_word' id='word_1_113' title='bbox 1031 1475 1065 1533; x_wconf 91' lang='lat' dir='ltr'><strong>lu</strong></span> 
     </span>
    </p>

    <p class='ocr_par' dir='ltr' id='par_1_5' title="bbox 26 1553 1064 2056">
     <span class='ocr_line' id='line_1_16' title="bbox 29 1553 1064 1635; baseline -0.001 -19"><span class='ocrx_word' id='word_1_114' title='bbox 29 1555 237 1635; x_wconf 84' lang='lat' dir='ltr'><strong>rscooptaudis</strong></span> <span class='ocrx_word' id='word_1_115' title='bbox 260 1573 314 1634; x_wconf 94' lang='lat' dir='ltr'><strong>per</strong></span> <span class='ocrx_word' id='word_1_116' title='bbox 341 1553 468 1632; x_wconf 86' lang='lat' dir='ltr'><strong>collegia</strong></span> <span class='ocrx_word' id='word_1_117' title='bbox 493 1554 694 1614; x_wconf 89' lang='lat' dir='ltr'><strong>sacerdotibus</strong></span> <span class='ocrx_word' id='word_1_118' title='bbox 719 1558 860 1615; x_wconf 89' lang='lat' dir='ltr'><strong>nemiuem</strong></span> <span class='ocrx_word' id='word_1_119' title='bbox 880 1558 933 1615; x_wconf 91' lang='lat' dir='ltr'><strong>nisi</strong></span> <span class='ocrx_word' id='word_1_120' title='bbox 955 1559 1064 1616; x_wconf 90' lang='lat' dir='ltr'><strong>iuratus</strong></span> 
     </span>
     <span class='ocr_line' id='line_1_17' title="bbox 62 1638 1063 1718; baseline 0 -18"><span class='ocrx_word' id='word_1_121' title='bbox 62 1642 233 1710; x_wconf 87' lang='lat' dir='ltr'><strong>nominavit;</strong></span> <span class='ocrx_word' id='word_1_122' title='bbox 251 1639 476 1718; x_wconf 87' lang='lat' dir='ltr'><strong>observavitque</strong></span> <span class='ocrx_word' id='word_1_123' title='bbox 493 1638 612 1716; x_wconf 87' lang='lat' dir='ltr'><strong>sedulo,</strong></span> <span class='ocrx_word' id='word_1_124' title='bbox 640 1648 669 1698; x_wconf 90' lang='lat' dir='ltr'><strong>ut</strong></span> <span class='ocrx_word' id='word_1_125' title='bbox 689 1639 824 1717; x_wconf 88' lang='lat' dir='ltr'><strong>quotiens</strong></span> <span class='ocrx_word' id='word_1_126' title='bbox 846 1649 923 1699; x_wconf 89' lang='lat' dir='ltr'><strong>terra</strong></span> <span class='ocrx_word' id='word_1_127' title='bbox 946 1642 976 1699; x_wconf 91' lang='lat' dir='ltr'><strong>in</strong></span> <span class='ocrx_word' id='word_1_128' title='bbox 991 1640 1063 1701; x_wconf 89' lang='lat' dir='ltr'><strong>urbe</strong></span> 
     </span>
     <span class='ocr_line' id='line_1_18' title="bbox 60 1723 1063 1803; baseline -0.001 -18"><span class='ocrx_word' id='word_1_129' title='bbox 60 1727 215 1800; x_wconf 89' lang='lat' dir='ltr'><strong>movisset,</strong></span> <span class='ocrx_word' id='word_1_130' title='bbox 240 1725 329 1784; x_wconf 89' lang='lat' dir='ltr'><strong>ierias</strong></span> <span class='ocrx_word' id='word_1_131' title='bbox 346 1723 488 1784; x_wconf 89' lang='lat' dir='ltr'><strong>advocata</strong></span> <span class='ocrx_word' id='word_1_132' title='bbox 505 1725 641 1784; x_wconf 86' lang='lat' dir='ltr'><strong>contione</strong></span> <span class='ocrx_word' id='word_1_133' title='bbox 657 1733 777 1803; x_wconf 90' lang='lat' dir='ltr'><strong>praetor</strong></span> <span class='ocrx_word' id='word_1_134' title='bbox 792 1723 951 1801; x_wconf 76' lang='lat' dir='ltr'><strong>indiceret,</strong></span> <span class='ocrx_word' id='word_1_135' title='bbox 974 1734 1063 1803; x_wconf 88' lang='lat' dir='ltr'><strong>utque</strong></span> 
     </span>
     <span class='ocr_line' id='line_1_19' title="bbox 62 1807 1063 1888; baseline -0.002 -19"><span class='ocrx_word' id='word_1_136' title='bbox 62 1810 123 1869; x_wconf 89' lang='lat' dir='ltr'><strong>dira</strong></span> <span class='ocrx_word' id='word_1_137' title='bbox 137 1827 190 1869; x_wconf 89' lang='lat' dir='ltr'><strong>ave</strong></span> <span class='ocrx_word' id='word_1_138' title='bbox 206 1810 234 1867; x_wconf 92' lang='lat' dir='ltr'><strong>in</strong></span> <span class='ocrx_word' id='word_1_139' title='bbox 250 1807 396 1888; x_wconf 83' lang='lat' dir='ltr'><strong>Capitolio</strong></span> <span class='ocrx_word' id='word_1_140' title='bbox 412 1810 474 1869; x_wconf 84' lang='lat' dir='ltr'><strong>visa</strong></span> <span class='ocrx_word' id='word_1_141' title='bbox 490 1808 657 1869; x_wconf 83' lang='lat' dir='ltr'><strong>obsecratio</strong></span> <span class='ocrx_word' id='word_1_142' title='bbox 674 1807 845 1886; x_wconf 89' lang='lat' dir='ltr'><strong>baberetur,</strong></span> <span class='ocrx_word' id='word_1_143' title='bbox 861 1826 982 1887; x_wconf 86' lang='lat' dir='ltr'><strong>eamque</strong></span> <span class='ocrx_word' id='word_1_144' title='bbox 998 1810 1063 1888; x_wconf 90' lang='lat' dir='ltr'><strong>ipse</strong></span> 
     </span>
     <span class='ocr_line' id='line_1_20' title="bbox 59 1893 1062 1973; baseline 0 -20"><span class='ocrx_word' id='word_1_145' title='bbox 59 1895 123 1953; x_wconf 91' lang='lat' dir='ltr'><strong>inre</strong></span> <span class='ocrx_word' id='word_1_146' title='bbox 136 1894 249 1952; x_wconf 87' lang='lat' dir='ltr'><strong>maximi</strong></span> <span class='ocrx_word' id='word_1_147' title='bbox 262 1893 407 1972; x_wconf 84' lang='lat' dir='ltr'><strong>pontificis</strong></span> <span class='ocrx_word' id='word_1_148' title='bbox 419 1911 473 1972; x_wconf 90' lang='lat' dir='ltr'><strong>pro</strong></span> <span class='ocrx_word' id='word_1_149' title='bbox 486 1894 588 1953; x_wconf 91' lang='lat' dir='ltr'><strong>rostris</strong></span> <span class='ocrx_word' id='word_1_150' title='bbox 601 1894 710 1973; x_wconf 93' lang='lat' dir='ltr'><strong>populo</strong></span> <span class='ocrx_word' id='word_1_151' title='bbox 723 1896 851 1972; x_wconf 89' lang='lat' dir='ltr'><strong>praeiret</strong></span> <span class='ocrx_word' id='word_1_152' title='bbox 863 1903 1062 1973; x_wconf 88' lang='lat' dir='ltr'><strong>summotaque</strong></span> 
     </span>
     <span class='ocr_line' id='line_1_21' title="bbox 26 1977 602 2056; baseline -0.005 -18"><span class='ocrx_word' id='word_1_153' title='bbox 26 1997 50 2038; x_wconf 77' lang='lat' dir='ltr'><strong>ao</strong></span> <span class='ocrx_word' id='word_1_154' title='bbox 64 1977 264 2056; x_wconf 88' lang='lat' dir='ltr'><strong>operariorum</strong></span> <span class='ocrx_word' id='word_1_155' title='bbox 286 1995 493 2056; x_wconf 88' lang='lat' dir='ltr'><strong>servorumque</strong></span> <span class='ocrx_word' id='word_1_156' title='bbox 510 1978 602 2038; x_wconf 88' lang='lat' dir='ltr'><strong>turba.</strong></span> 
     </span>
    </p>

    <p class='ocr_par' dir='ltr' id='par_1_6' title="bbox 59 2060 1105 2394">
     <span class='ocr_line' id='line_1_22' title="bbox 123 2060 1105 2140; baseline 0.002 -19"><span class='ocrx_word' id='word_1_157' title='bbox 123 2061 231 2121; x_wconf 89' lang='lat' dir='ltr'><strong>Rerum</strong></span> <span class='ocrx_word' id='word_1_158' title='bbox 243 2069 351 2137; x_wconf 87' lang='lat' dir='ltr'><strong>actum,</strong></span> <span class='ocrx_word' id='word_1_159' title='bbox 365 2060 581 2121; x_wconf 88' lang='lat' dir='ltr'><strong>divisum-antea</strong></span> <span class='ocrx_word' id='word_1_160' title='bbox 596 2062 624 2119; x_wconf 91' lang='lat' dir='ltr'><strong>in</strong></span> <span class='ocrx_word' id='word_1_161' title='bbox 637 2060 776 2119; x_wconf 90' lang='lat' dir='ltr'><strong>hibernos</strong></span> <span class='ocrx_word' id='word_1_162' title='bbox 788 2062 972 2140; x_wconf 85' lang='lat' dir='ltr'><strong>aestiuosque</strong></span> <span class='ocrx_word' id='word_1_163' title='bbox 985 2073 1105 2129; x_wconf 74' lang='lat' dir='ltr'><strong>meu-23</strong></span> 
     </span>
     <span class='ocr_line' id='line_1_23' title="bbox 61 2143 1060 2225; baseline 0.001 -19"><span class='ocrx_word' id='word_1_164' title='bbox 61 2164 128 2220; x_wconf 89' lang='lat' dir='ltr'><strong>ses,</strong></span> <span class='ocrx_word' id='word_1_165' title='bbox 144 2145 299 2204; x_wconf 85' lang='lat' dir='ltr'><strong>coniunxit.</strong></span> <span class='ocrx_word' id='word_1_166' title='bbox 327 2145 400 2204; x_wconf 91' lang='lat' dir='ltr'><strong>luris</strong></span> <span class='ocrx_word' id='word_1_167' title='bbox 423 2144 577 2204; x_wconf 91' lang='lat' dir='ltr'><strong>dictionem</strong></span> <span class='ocrx_word' id='word_1_168' title='bbox 593 2144 628 2203; x_wconf 94' lang='lat' dir='ltr'><strong>de</strong></span> <span class='ocrx_word' id='word_1_169' title='bbox 647 2143 905 2222; x_wconf 87' lang='lat' dir='ltr'><strong>fideicommissis,</strong></span> <span class='ocrx_word' id='word_1_170' title='bbox 928 2157 998 2225; x_wconf 90' lang='lat' dir='ltr'><strong>quot</strong></span> <span class='ocrx_word' id='word_1_171' title='bbox 1013 2166 1060 2207; x_wconf 92' lang='lat' dir='ltr'><strong>au·</strong></span> 
     </span>
     <span class='ocr_line' id='line_1_24' title="bbox 59 2227 1061 2308; baseline -0.002 -18"><span class='ocrx_word' id='word_1_172' title='bbox 59 2233 105 2290; x_wconf 86' lang='lat' dir='ltr'><strong>nis</strong></span> <span class='ocrx_word' id='word_1_173' title='bbox 123 2238 151 2296; x_wconf 83' lang='lat' dir='ltr'><strong>et</strong></span> <span class='ocrx_word' id='word_1_174' title='bbox 166 2237 272 2288; x_wconf 89' lang='lat' dir='ltr'><strong>tantum</strong></span> <span class='ocrx_word' id='word_1_175' title='bbox 288 2231 316 2287; x_wconf 93' lang='lat' dir='ltr'><strong>in</strong></span> <span class='ocrx_word' id='word_1_176' title='bbox 332 2229 405 2288; x_wconf 86' lang='lat' dir='ltr'><strong>urbe</strong></span> <span class='ocrx_word' id='word_1_177' title='bbox 421 2228 551 2306; x_wconf 82' lang='lat' dir='ltr'><strong>delegari</strong></span> <span class='ocrx_word' id='word_1_178' title='bbox 568 2227 783 2305; x_wconf 79' lang='lat' dir='ltr'><strong>magistratibus</strong></span> <span class='ocrx_word' id='word_1_179' title='bbox 799 2228 930 2306; x_wconf 91' lang='lat' dir='ltr'><strong>solitam,</strong></span> <span class='ocrx_word' id='word_1_180' title='bbox 952 2232 980 2288; x_wconf 91' lang='lat' dir='ltr'><strong>iu</strong></span> <span class='ocrx_word' id='word_1_181' title='bbox 996 2248 1061 2308; x_wconf 89' lang='lat' dir='ltr'><strong>per·</strong></span> 
     </span>
     <span class='ocr_line' id='line_1_25' title="bbox 60 2312 1061 2394; baseline -0.004 -20"><span class='ocrx_word' id='word_1_182' title='bbox 60 2324 177 2394; x_wconf 87' lang='lat' dir='ltr'><strong>petuum</strong></span> <span class='ocrx_word' id='word_1_183' title='bbox 191 2323 278 2393; x_wconf 89' lang='lat' dir='ltr'><strong>atque</strong></span> <span class='ocrx_word' id='word_1_184' title='bbox 299 2316 383 2373; x_wconf 89' lang='lat' dir='ltr'><strong>ctiam</strong></span> <span class='ocrx_word' id='word_1_185' title='bbox 405 2331 459 2392; x_wconf 88' lang='lat' dir='ltr'><strong>per</strong></span> <span class='ocrx_word' id='word_1_186' title='bbox 477 2314 643 2392; x_wconf 88' lang='lat' dir='ltr'><strong>provincias</strong></span> <span class='ocrx_word' id='word_1_187' title='bbox 660 2312 852 2391; x_wconf 86' lang='lat' dir='ltr'><strong>potestatibus</strong></span> <span class='ocrx_word' id='word_1_188' title='bbox 870 2313 1061 2373; x_wconf 87' lang='lat' dir='ltr'><strong>demandavit.</strong></span> 
     </span>
    </p>

    <p class='ocr_par' dir='ltr' id='par_1_7' title="bbox 19 2395 1061 2899">
     <span class='ocr_line' id='line_1_26' title="bbox 22 2395 1061 2478; baseline 0.002 -24"><span class='ocrx_word' id='word_1_189' title='bbox 22 2414 48 2454; x_wconf 77' lang='lat' dir='ltr'><strong>os</strong></span> <span class='ocrx_word' id='word_1_190' title='bbox 60 2397 157 2477; x_wconf 83' lang='lat' dir='ltr'><strong>Capiti</strong></span> <span class='ocrx_word' id='word_1_191' title='bbox 172 2397 278 2475; x_wconf 89' lang='lat' dir='ltr'><strong>Papiae</strong></span> <span class='ocrx_word' id='word_1_192' title='bbox 294 2397 451 2478; x_wconf 88' lang='lat' dir='ltr'><strong>Poppaeae</strong></span> <span class='ocrx_word' id='word_1_193' title='bbox 467 2397 543 2474; x_wconf 84' lang='lat' dir='ltr'><strong>legis</strong></span> <span class='ocrx_word' id='word_1_194' title='bbox 561 2395 706 2458; x_wconf 87' lang='lat' dir='ltr'><strong>aTiberio</strong></span> <span class='ocrx_word' id='word_1_195' title='bbox 718 2395 861 2474; x_wconf 80' lang='lat' dir='ltr'><strong>Caesare,</strong></span> <span class='ocrx_word' id='word_1_196' title='bbox 881 2401 962 2476; x_wconf 88' lang='lat' dir='ltr'><strong>quasi</strong></span> <span class='ocrx_word' id='word_1_197' title='bbox 978 2415 1061 2458; x_wconf 82' lang='lat' dir='ltr'><strong>sexa·</strong></span> 
     </span>
     <span class='ocr_line' id='line_1_27' title="bbox 58 2481 1061 2562; baseline -0.001 -20"><span class='ocrx_word' id='word_1_198' title='bbox 58 2482 172 2562; x_wconf 83' lang='lat' dir='ltr'><strong>genarii</strong></span> <span class='ocrx_word' id='word_1_199' title='bbox 193 2500 339 2559; x_wconf 80' lang='lat' dir='ltr'><strong>generare</strong></span> <span class='ocrx_word' id='word_1_200' title='bbox 360 2500 417 2541; x_wconf 94' lang='lat' dir='ltr'><strong>uou</strong></span> <span class='ocrx_word' id='word_1_201' title='bbox 433 2491 568 2561; x_wconf 90' lang='lat' dir='ltr'><strong>possent,</strong></span> <span class='ocrx_word' id='word_1_202' title='bbox 598 2481 694 2541; x_wconf 92' lang='lat' dir='ltr'><strong>addito</strong></span> <span class='ocrx_word' id='word_1_203' title='bbox 714 2481 879 2559; x_wconf 83' lang='lat' dir='ltr'><strong>obrogavit.</strong></span> <span class='ocrx_word' id='word_1_204' title='bbox 916 2482 1017 2543; x_wconf 88' lang='lat' dir='ltr'><strong>Samrit</strong></span> <span class='ocrx_word' id='word_1_205' title='bbox 1031 2491 1061 2541; x_wconf 94' lang='lat' dir='ltr'><strong>ut</strong></span> 
     </span>
     <span class='ocr_line' id='line_1_28' title="bbox 59 2566 1060 2648; baseline 0 -22"><span class='ocrx_word' id='word_1_206' title='bbox 59 2567 178 2648; x_wconf 89' lang='lat' dir='ltr'><strong>pupillis</strong></span> <span class='ocrx_word' id='word_1_207' title='bbox 194 2576 276 2626; x_wconf 83' lang='lat' dir='ltr'><strong>extra</strong></span> <span class='ocrx_word' id='word_1_208' title='bbox 293 2566 423 2626; x_wconf 90' lang='lat' dir='ltr'><strong>ordinem</strong></span> <span class='ocrx_word' id='word_1_209' title='bbox 438 2575 549 2627; x_wconf 90' lang='lat' dir='ltr'><strong>tutores</strong></span> <span class='ocrx_word' id='word_1_210' title='bbox 567 2585 583 2626; x_wconf 85' lang='lat' dir='ltr'><strong>a</strong></span> <span class='ocrx_word' id='word_1_211' title='bbox 608 2566 774 2647; x_wconf 80' lang='lat' dir='ltr'><strong>consulibus</strong></span> <span class='ocrx_word' id='word_1_212' title='bbox 801 2566 952 2644; x_wconf 89' lang='lat' dir='ltr'><strong>darentur,</strong></span> <span class='ocrx_word' id='word_1_213' title='bbox 972 2577 1060 2646; x_wconf 87' lang='lat' dir='ltr'><strong>utque</strong></span> 
     </span>
     <span class='ocr_line' id='line_1_29' title="bbox 58 2650 1059 2731; baseline -0.001 -20"><span class='ocrx_word' id='word_1_214' title='bbox 58 2655 96 2728; x_wconf 92' lang='lat' dir='ltr'><strong>ii,</strong></span> <span class='ocrx_word' id='word_1_215' title='bbox 124 2651 225 2731; x_wconf 91' lang='lat' dir='ltr'><strong>quibus</strong></span> <span class='ocrx_word' id='word_1_216' title='bbox 248 2651 495 2730; x_wconf 86' lang='lat' dir='ltr'><strong>amagistratibus</strong></span> <span class='ocrx_word' id='word_1_217' title='bbox 513 2652 681 2730; x_wconf 77' lang='lat' dir='ltr'><strong>provinciae</strong></span> <span class='ocrx_word' id='word_1_218' title='bbox 701 2650 959 2730; x_wconf 89' lang='lat' dir='ltr'><strong>interdicerentur,</strong></span> <span class='ocrx_word' id='word_1_219' title='bbox 986 2651 1059 2710; x_wconf 89' lang='lat' dir='ltr'><strong>urbe</strong></span> 
     </span>
     <span class='ocr_line' id='line_1_30' title="bbox 59 2734 1059 2816; baseline -0.003 -20"><span class='ocrx_word' id='word_1_220' title='bbox 59 2753 176 2816; x_wconf 86' lang='lat' dir='ltr'><strong>quoque</strong></span> <span class='ocrx_word' id='word_1_221' title='bbox 187 2743 215 2795; x_wconf 89' lang='lat' dir='ltr'><strong>et</strong></span> <span class='ocrx_word' id='word_1_222' title='bbox 230 2734 313 2796; x_wconf 85' lang='lat' dir='ltr'><strong>Italia</strong></span> <span class='ocrx_word' id='word_1_223' title='bbox 327 2744 583 2796; x_wconf 90' lang='lat' dir='ltr'><strong>summoverentur.</strong></span> <span class='ocrx_word' id='word_1_224' title='bbox 598 2735 667 2815; x_wconf 91' lang='lat' dir='ltr'><strong>Ipse</strong></span> <span class='ocrx_word' id='word_1_225' title='bbox 680 2734 819 2815; x_wconf 88' lang='lat' dir='ltr'><strong>quosdam</strong></span> <span class='ocrx_word' id='word_1_226' title='bbox 832 2753 908 2795; x_wconf 88' lang='lat' dir='ltr'><strong>nouo</strong></span> <span class='ocrx_word' id='word_1_227' title='bbox 923 2734 1059 2814; x_wconf 86' lang='lat' dir='ltr'><strong>exemplo</strong></span> 
     </span>
     <span class='ocr_line' id='line_1_31' title="bbox 19 2818 1016 2899; baseline -0.003 -19"><span class='ocrx_word' id='word_1_228' title='bbox 19 2839 47 2880; x_wconf 82' lang='lat' dir='ltr'><strong>oo</strong></span> <span class='ocrx_word' id='word_1_229' title='bbox 60 2820 218 2897; x_wconf 79' lang='lat' dir='ltr'><strong>relegavit,</strong></span> <span class='ocrx_word' id='word_1_230' title='bbox 234 2829 264 2879; x_wconf 89' lang='lat' dir='ltr'><strong>ut</strong></span> <span class='ocrx_word' id='word_1_231' title='bbox 278 2821 352 2880; x_wconf 88' lang='lat' dir='ltr'><strong>ultra</strong></span> <span class='ocrx_word' id='word_1_232' title='bbox 369 2820 495 2899; x_wconf 88' lang='lat' dir='ltr'><strong>lapidem</strong></span> <span class='ocrx_word' id='word_1_233' title='bbox 510 2823 624 2880; x_wconf 88' lang='lat' dir='ltr'><strong>tertium</strong></span> <span class='ocrx_word' id='word_1_234' title='bbox 640 2829 753 2880; x_wconf 84' lang='lat' dir='ltr'><strong>vetaret</strong></span> <span class='ocrx_word' id='word_1_235' title='bbox 768 2819 870 2898; x_wconf 79' lang='lat' dir='ltr'><strong>egredi</strong></span> <span class='ocrx_word' id='word_1_236' title='bbox 883 2819 918 2880; x_wconf 92' lang='lat' dir='ltr'><strong>ab</strong></span> <span class='ocrx_word' id='word_1_237' title='bbox 933 2818 1016 2878; x_wconf 87' lang='lat' dir='ltr'><strong>urbe.</strong></span> 
     </span>
    </p>

    <p class='ocr_par' dir='ltr' id='par_1_8' title="bbox 56 2904 1100 3240">
     <span class='ocr_line' id='line_1_32' title="bbox 122 2904 1059 2982; baseline -0.001 -19"><span class='ocrx_word' id='word_1_238' title='bbox 122 2905 165 2964; x_wconf 89' lang='lat' dir='ltr'><strong>De</strong></span> <span class='ocrx_word' id='word_1_239' title='bbox 179 2905 288 2964; x_wconf 90' lang='lat' dir='ltr'><strong>maiore</strong></span> <span class='ocrx_word' id='word_1_240' title='bbox 304 2908 424 2982; x_wconf 78' lang='lat' dir='ltr'><strong>negotio</strong></span> <span class='ocrx_word' id='word_1_241' title='bbox 444 2915 558 2965; x_wconf 91' lang='lat' dir='ltr'><strong>acturus</strong></span> <span class='ocrx_word' id='word_1_242' title='bbox 574 2906 601 2963; x_wconf 91' lang='lat' dir='ltr'><strong>in</strong></span> <span class='ocrx_word' id='word_1_243' title='bbox 619 2905 713 2982; x_wconf 86' lang='lat' dir='ltr'><strong>curia,</strong></span> <span class='ocrx_word' id='word_1_244' title='bbox 734 2904 846 2964; x_wconf 88' lang='lat' dir='ltr'><strong>medius</strong></span> <span class='ocrx_word' id='word_1_245' title='bbox 862 2906 936 2963; x_wconf 91' lang='lat' dir='ltr'><strong>inter</strong></span> <span class='ocrx_word' id='word_1_246' title='bbox 958 2920 1059 2963; x_wconf 90' lang='lat' dir='ltr'><strong>cousu-</strong></span> 
     </span>
     <span class='ocr_line' id='line_1_33' title="bbox 56 2987 1061 3050; baseline -0.004 0"><span class='ocrx_word' id='word_1_247' title='bbox 56 2990 116 3050; x_wconf 93' lang='lat' dir='ltr'><strong>lum</strong></span> <span class='ocrx_word' id='word_1_248' title='bbox 133 2990 221 3049; x_wconf 87' lang='lat' dir='ltr'><strong>sellas</strong></span> <span class='ocrx_word' id='word_1_249' title='bbox 237 2988 388 3048; x_wconf 90' lang='lat' dir='ltr'><strong>tribunicio</strong></span> <span class='ocrx_word' id='word_1_250' title='bbox 409 2989 549 3049; x_wconf 84' lang='lat' dir='ltr'><strong>subsellio</strong></span> <span class='ocrx_word' id='word_1_251' title='bbox 569 2989 699 3049; x_wconf 89' lang='lat' dir='ltr'><strong>sedebat.</strong></span> <span class='ocrx_word' id='word_1_252' title='bbox 729 2987 912 3049; x_wconf 79' lang='lat' dir='ltr'><strong>commeatus</strong></span> <span class='ocrx_word' id='word_1_253' title='bbox 927 3007 943 3048; x_wconf 92' lang='lat' dir='ltr'><strong>a</strong></span> <span class='ocrx_word' id='word_1_254' title='bbox 960 2995 1061 3048; x_wconf 89' lang='lat' dir='ltr'><strong>senatu</strong></span> 
     </span>
     <span class='ocr_line' id='line_1_34' title="bbox 56 3073 1100 3155; baseline 0.003 -23"><span class='ocrx_word' id='word_1_255' title='bbox 56 3077 118 3155; x_wconf 88' lang='lat' dir='ltr'><strong>peti</strong></span> <span class='ocrx_word' id='word_1_256' title='bbox 139 3074 242 3134; x_wconf 89' lang='lat' dir='ltr'><strong>solitos</strong></span> <span class='ocrx_word' id='word_1_257' title='bbox 263 3073 388 3133; x_wconf 82' lang='lat' dir='ltr'><strong>benefici</strong></span> <span class='ocrx_word' id='word_1_258' title='bbox 410 3075 453 3133; x_wconf 90' lang='lat' dir='ltr'><strong>sui</strong></span> <span class='ocrx_word' id='word_1_259' title='bbox 475 3074 555 3133; x_wconf 87' lang='lat' dir='ltr'><strong>iecit.</strong></span> <span class='ocrx_word' id='word_1_260' title='bbox 589 3073 763 3134; x_wconf 87' lang='lat' dir='ltr'><strong>Ornameuta</strong></span> <span class='ocrx_word' id='word_1_261' title='bbox 789 3074 953 3133; x_wconf 88' lang='lat' dir='ltr'><strong>consularia</strong></span> <span class='ocrx_word' id='word_1_262' title='bbox 976 3074 1100 3135; x_wconf 63' lang='lat' dir='ltr'><strong>etiamst</strong></span> 
     </span>
     <span class='ocr_line' id='line_1_35' title="bbox 56 3157 1046 3240; baseline -0.003 -22"><span class='ocrx_word' id='word_1_263' title='bbox 56 3157 297 3240; x_wconf 86' lang='lat' dir='ltr'><strong>procuratoribus</strong></span> <span class='ocrx_word' id='word_1_264' title='bbox 313 3157 474 3218; x_wconf 89' lang='lat' dir='ltr'><strong>ducenariis</strong></span> <span class='ocrx_word' id='word_1_265' title='bbox 490 3157 615 3217; x_wconf 82' lang='lat' dir='ltr'><strong>indulsit.</strong></span> <span class='ocrx_word' id='word_1_266' title='bbox 638 3159 817 3218; x_wconf 90' lang='lat' dir='ltr'><strong>Senatoriam</strong></span> <span class='ocrx_word' id='word_1_267' title='bbox 833 3158 1000 3236; x_wconf 79' lang='lat' dir='ltr'><strong>dignitatem</strong></span> <span class='ocrx_word' id='word_1_268' title='bbox 1015 3176 1046 3215; x_wconf 66' lang='lat' dir='ltr'><strong>re</strong></span> 
     </span>
    </p>

    <p class='ocr_par' dir='ltr' id='par_1_9' title="bbox 18 3241 1059 3389">
     <span class='ocr_line' id='line_1_36' title="bbox 18 3241 1059 3322; baseline -0.008 -15"><span class='ocrx_word' id='word_1_269' title='bbox 18 3267 46 3307; x_wconf 80' lang='lat' dir='ltr'><strong>as</strong></span> <span class='ocrx_word' id='word_1_270' title='bbox 60 3242 224 3304; x_wconf 89' lang='lat' dir='ltr'><strong>cusantibus</strong></span> <span class='ocrx_word' id='word_1_271' title='bbox 241 3252 406 3322; x_wconf 81' lang='lat' dir='ltr'><strong>equestrem</strong></span> <span class='ocrx_word' id='word_1_272' title='bbox 422 3260 538 3322; x_wconf 90' lang='lat' dir='ltr'><strong>quoque</strong></span> <span class='ocrx_word' id='word_1_273' title='bbox 555 3241 669 3302; x_wconf 88' lang='lat' dir='ltr'><strong>ademit.</strong></span> <span class='ocrx_word' id='word_1_274' title='bbox 698 3243 796 3303; x_wconf 85' lang='lat' dir='ltr'><strong>Latum</strong></span> <span class='ocrx_word' id='word_1_275' title='bbox 813 3243 940 3318; x_wconf 89' lang='lat' dir='ltr'><strong>olavum,</strong></span> <span class='ocrx_word' id='word_1_276' title='bbox 963 3259 1059 3320; x_wconf 86' lang='lat' dir='ltr'><strong>quam-</strong></span> 
     </span>
     <span class='ocr_line' id='line_1_37' title="bbox 56 3325 1056 3389; baseline -0.007 -1"><span class='ocrx_word' id='word_1_277' title='bbox 56 3329 103 3388; x_wconf 86' lang='lat' dir='ltr'><strong>vis</strong></span> <span class='ocrx_word' id='word_1_278' title='bbox 122 3329 202 3389; x_wconf 90' lang='lat' dir='ltr'><strong>initio</strong></span> <span class='ocrx_word' id='word_1_279' title='bbox 218 3328 390 3388; x_wconf 84' lang='lat' dir='ltr'><strong>affirmasset</strong></span> <span class='ocrx_word' id='word_1_280' title='bbox 401 3345 460 3387; x_wconf 89' lang='lat' dir='ltr'><strong>non</strong></span> <span class='ocrx_word' id='word_1_281' title='bbox 475 3327 616 3386; x_wconf 91' lang='lat' dir='ltr'><strong>lecturum</strong></span> <span class='ocrx_word' id='word_1_282' title='bbox 628 3345 660 3386; x_wconf 89' lang='lat' dir='ltr'><strong>se</strong></span> <span class='ocrx_word' id='word_1_283' title='bbox 676 3337 841 3388; x_wconf 88' lang='lat' dir='ltr'><strong>senatorem</strong></span> <span class='ocrx_word' id='word_1_284' title='bbox 861 3328 916 3385; x_wconf 89' lang='lat' dir='ltr'><strong>nisi</strong></span> <span class='ocrx_word' id='word_1_285' title='bbox 938 3327 1010 3385; x_wconf 78' lang='lat' dir='ltr'><strong>ciuis</strong></span> <span class='ocrx_word' id='word_1_286' title='bbox 1023 3325 1056 3385; x_wconf 73' lang='lat' dir='ltr'><strong>R¹</strong></span> 
     </span>
    </p>
   </div>
   <div class='ocr_carea' id='block_1_3' title="bbox 57 3410 1058 3578">
    <p class='ocr_par' dir='ltr' id='par_1_10' title="bbox 57 3410 1058 3578">
     <span class='ocr_line' id='line_1_38' title="bbox 58 3410 1058 3492; baseline -0.007 -18"><span class='ocrx_word' id='word_1_287' title='bbox 58 3413 250 3492; x_wconf 89' lang='lat' dir='ltr'><strong>abnepotem,</strong></span> <span class='ocrx_word' id='word_1_288' title='bbox 267 3415 351 3473; x_wconf 90' lang='lat' dir='ltr'><strong>etiam</strong></span> <span class='ocrx_word' id='word_1_289' title='bbox 367 3411 495 3472; x_wconf 91' lang='lat' dir='ltr'><strong>libertini</strong></span> <span class='ocrx_word' id='word_1_290' title='bbox 511 3411 570 3471; x_wconf 78' lang='lat' dir='ltr'><strong>filio</strong></span> <span class='ocrx_word' id='word_1_291' title='bbox 588 3412 699 3490; x_wconf 91' lang='lat' dir='ltr'><strong>tribuit,</strong></span> <span class='ocrx_word' id='word_1_292' title='bbox 717 3412 767 3472; x_wconf 72' lang='lat' dir='ltr'><strong>sed</strong></span> <span class='ocrx_word' id='word_1_293' title='bbox 784 3411 836 3471; x_wconf 93' lang='lat' dir='ltr'><strong>sub</strong></span> <span class='ocrx_word' id='word_1_294' title='bbox 855 3410 1058 3470; x_wconf 72' lang='lat' dir='ltr'><strong>conditionesi</strong></span> 
     </span>
     <span class='ocr_line' id='line_1_39' title="bbox 57 3493 1045 3578; baseline -0.016 -24"><span class='ocrx_word' id='word_1_295' title='bbox 57 3497 130 3578; x_wconf 68' lang='lat' dir='ltr'><strong>print</strong></span> <span class='ocrx_word' id='word_1_296' title='bbox 164 3497 190 3552; x_wconf 69' lang='lat' dir='ltr'><strong>th</strong></span> <span class='ocrx_word' id='word_1_297' title='bbox 208 3497 342 3564; x_wconf 61' lang='lat' dir='ltr'><strong>eqttt&#39;h&#39;u</strong></span> <span class='ocrx_word' id='word_1_298' title='bbox 378 3497 516 3548; x_wconf 61' lang='lat' dir='ltr'><strong>&#39;‘dor“tr‘u‘</strong></span> <span class='ocrx_word' id='word_1_299' title='bbox 552 3505 620 3544; x_wconf 61' lang='lat' dir='ltr'><strong>mer*</strong></span> <span class='ocrx_word' id='word_1_300' title='bbox 666 3516 684 3540; x_wconf 83' lang='grc' dir='ltr'><strong>ιι</strong></span> <span class='ocrx_word' id='word_1_301' title='bbox 714 3498 731 3544; x_wconf 76' lang='lat'><strong>1³</strong></span> <span class='ocrx_word' id='word_1_302' title='bbox 776 3493 1045 3560; x_wconf 58' lang='lat' dir='ltr'><strong>pwqra-mmhnn</strong></span> 
     </span>
    </p>
   </div>
   <div class='ocr_carea' id='block_1_4' title="bbox 0 0 1172 3870">
    <p class='ocr_par' dir='ltr' id='par_1_11' title="bbox 0 0 1172 3870">
     <span class='ocr_line' id='line_1_40' title="bbox 0 0 1172 3870; baseline 0 3"><span class='ocrx_word' id='word_1_303' title='bbox 0 0 1172 3870; x_wconf 95' lang='lat' dir='ltr'><strong> </strong></span> 
     </span>
    </p>
   </div>
  </div>
 </body>
</html>
