2334 3870
402 128 449 176 nn
467 128 719 179 osnuusurors.
1000 107 1058 180 261

61 302 111 351 sus
126 284 172 346 diu
185 284 214 345 ln
229 285 339 364 patria,
362 284 600 363 quinquagesimo
622 284 734 346 demum
754 301 829 345 enno
848 284 969 346 Romam
993 301 1061 346 con·

61 368 125 429 sule
147 367 289 430 Cicerone
307 368 419 429 transiit
443 365 598 448 docuitque
620 371 730 431 maiore
751 369 826 429 lama
848 386 932 447 quam
953 369 1060 430 emolu·

58 461 164 514 mento.
193 452 325 531 Namque
347 453 403 512 ianr
422 462 569 530 perse'nex
576 470 746 533 pauperem
757 471 793 514 se
807 459 837 513 et
845 451 990 513 habiture
1003 450 1060 514 sub

60 537 169 616 tegulis
189 535 314 616 quodam
329 537 441 614 scripto
457 535 570 596 latetur.
606 537 720 600 bibmm
744 540 844 615 etiarn,
868 539 913 596 cui
938 546 982 597 est
997 536 1060 596 titu-

36 620 102 681 ctus
116 621 308 697 Perialogos,
326 619 414 681 edidit
430 621 623 681 continentem
639 623 775 701 querelas
791 621 827 683 de
846 622 972 698 iniuriis,
989 634 1060 699 quas

59 706 249 784 professores
275 703 466 783 neglegentia
491 714 538 764 aut
571 704 723 766 ambitione
759 706 910 787 parentum
943 706 1060 782 accipe-

57 799 131 848 rent.
166 787 233 849 b'uit
246 797 341 849 nutem
359 796 478 850 naturae
501 788 645 866 acerbae,
670 806 727 849 non
748 788 834 850 modo
859 791 888 848 in
903 787 1061 867 antisophi-

58 882 134 951 stas,
156 890 231 954 quos
253 873 330 934 omni
345 874 374 932 in
391 872 549 933 occasione
574 873 730 951 laceravit,
753 872 805 933 sed
822 873 907 933 etiam
924 876 953 932 in
973 872 1060 932 discl-

57 957 160 1036 pulos‚
181 965 213 1017 ut
224 965 254 1017 et
265 957 401 1019 Horatius
415 957 559 1034 significat
570 959 736 1038 plagosum
754 975 818 1018 eum
835 956 1008 1036 appellans,
1033 942 1062 1014 'eh

22 1039 196 1104 roDomitius
211 1041 323 1102 blarsus
339 1040 489 1102 scribens:

231 1129 344 1204 Siquos
362 1129 480 1188 Orbilius
491 1129 589 1203 ferula
604 1133 764 1205 accitosque
779 1126 884 1186 remedi.

57 1208 103 1266 Ao
122 1225 159 1266 ne
174 1210 336 1289 principum
352 1210 467 1286 quidem
486 1212 614 1270 virorum
632 1213 827 1272 insectatione
847 1209 999 1280 abstinuit3
1024 1206 1061 1268 si·

58 1289 173 1369 quidem
189 1291 306 1367 ignotus
329 1290 422 1350 adbuc
439 1309 502 1350 oum
520 1292 626 1352 iudicio
642 1295 785 1372 frequenti
809 1294 1003 1352 testimonium
1019 1291 1060 1351 dl-

59 1382 155 1452 ceret‚
168 1376 365 1453 interrogatus
376 1391 393 1433 a
403 1375 538 1435 Varrone
552 1374 684 1435 diversae
698 1378 788 1452 partis
801 1372 962 1448 advocato,
980 1371 1060 1453 quid·-

21 1477 47 1518 15
59 1477 124 1519 nam
138 1465 241 1537 ageret
256 1467 285 1520 et
301 1475 358 1538 quo
374 1457 495 1518 artiiicio
519 1464 662 1533 uteretur,
683 1456 866 1536 gibberosos
881 1474 915 1517 se
936 1456 974 1515 cle
995 1456 1063 1516 sole

58 1544 90 1603 im
107 1543 250 1604 umbram
268 1541 444 1620 transferre
458 1539 622 1621 respondit;
640 1540 717 1621 quod
733 1540 853 1601 Murena
869 1539 974 1619 gibber
989 1547 1060 1600 erat.

57 1628 140 1688 Vixit
153 1644 248 1708 prope
261 1627 296 1688 ad
312 1628 499 1689 centesimum
512 1626 613 1686 aetatis
628 1643 746 1703 annum,
763 1625 866 1685 amissa
882 1623 1061 1704 iampridem

57 1714 212 1790 memoria,
231 1720 262 1772 ut
275 1730 382 1797 versus
393 1709 524 1773 Bibaculi
540 1709 642 1771 docet:

255 1801 374 1859 Orbilius
386 1801 498 1856 ubr‘ucm
515 1807 566 1868 est,
586 1801 740 1855 litterarum
755 1797 866 1854 obliuio?

21 1898 48 1939 ro
59 1881 158 1940 Statua
174 1881 237 1940 eius
252 1879 411 1939 beneventi
428 1879 589 1940 ostenditur
601 1879 629 1938 in
645 1878 791 1957 Capitolio
808 1877 844 1936 ad
859 1878 1003 1936 sinistrum
1020 1875 1060 1936 la·

58 1973 104 2022 tus
126 1980 285 2023 marmorea
305 1961 404 2022 babitu
425 1963 554 2022 sedentis
575 1981 611 2022 ao
631 1963 758 2042 palliati,
784 1961 926 2042 appositis
947 1958 1059 2021 duobus

59 2046 182 2107 scriniis.
200 2047 328 2124 Reliquit
344 2045 430 2106 lilium
443 2045 596 2124 Orbilium,
611 2056 640 2106 et
652 2049 747 2126 ipsum
758 2046 974 2124 grammaticum
991 2062 1058 2123 pro·

57 2131 212 2191 sessorem.

120 2212 152 2274 b.
168 2215 271 2276 Ateius
285 2214 457 2292 Philologus
472 2212 622 2273 libertinus
636 2212 758 2272 Athenis
774 2221 818 2272 est
835 2221 927 2272 natus.
969 2208 1060 2272 Hunc
1069 2219 1103 2272 10

19 2315 47 2355 rs
59 2296 162 2377 Capito
177 2298 281 2359 Ateius
296 2308 382 2359 notus
397 2297 467 2358 iuris
484 2295 630 2357 consultus
647 2297 726 2358 iuter
744 2296 967 2376 grammaticos
990 2294 1059 2356 the·

58 2388 174 2457 torem,
190 2382 270 2442 iuter
284 2382 425 2444 rhetores
439 2381 674 2462 grammaticum
696 2379 796 2460 fuisse
812 2383 860 2442 ait.
896 2380 940 2440 De
958 2377 1062 2440 eodoib

57 2464 177 2526 Asinius
192 2465 297 2548 Pollio
310 2467 338 2526 in
360 2466 452 2544 libro,
478 2483 536 2545 quo
552 2465 680 2526 Sallustii
702 2467 810 2545 scripta
828 2464 1017 2544 reprehendit
1032 2473 1063 2522 ut
1083 2499 1085 2503 -

56 2550 143 2610 nimia
158 2552 319 2629 priscorum
333 2551 489 2612 verborum
504 2549 688 2611 affectatione
711 2549 816 2627 oblita,
840 2552 877 2608 ita
899 2547 1000 2609 tradit:
1022 2545 1062 2609 Iu

57 2651 125 2694 eum
138 2652 203 2696 rem
218 2634 406 2698 adiutorium
421 2636 451 2697 er'
461 2633 539 2714 fecit
550 2635 685 2696 martimo
702 2631 827 2715 quidam
845 2630 954 2694 Ateius
964 2631 1059 2693 Prue·

20 2735 46 2776 so
57 2723 191 2780 testatus
201 2718 316 2782 uobttts
328 2719 551 2800 grammaticus
564 2717 704 2797 Latmus,
724 2717 961 2780 declamantium
974 2716 1059 2777 detm-

57 2801 96 2863 de
111 2802 237 2864 auditor
254 2807 347 2884 utque
357 2811 564 2884 praeceptor,
587 2803 631 2864 cd
644 2819 793 2864 summum
815 2800 995 2882 Philologus
1019 2799 1061 2861 ab

57 2893 151 2947 semet
168 2886 354 2948 uomiuotus.
391 2887 461 2968 lpse
477 2887 514 2948 ad
528 2887 655 2948 Laelium
669 2886 803 2948 Hermam
827 2887 958 2966 scripsit,
980 2901 1016 2944 se
1029 2884 1061 2945 iu

57 2969 189 3033 Graecis
209 2971 320 3032 litteris
339 2987 483 3052 muprmm
501 2988 684 3049 processum
707 2969 823 3032 habete
845 2977 876 3031 et
890 2972 922 3031 irs
939 2967 1062 3029 Lutim‘s

56 3054 248 3132 nonnullum,
269 3055 396 3116 oudmse
417 3052 582 3117 Antonium
598 3055 788 3134 Gm'phouem
810 3052 959 3134 eiusque*
979 3050 1059 3114 Her·

22 3156 153 3215 sumum,
166 3146 280 3218 posteo
292 3139 446 3202 docuisse.
477 3129 680 3220 Praecepisse
695 3145 797 3201 cutem
807 3140 910 3201 multis
922 3145 951 3199 et
963 3136 1062 3198 eloris

56 3222 227 3300 iuuenibus,
240 3223 272 3285 t'u
282 3224 352 3304 quis
363 3222 466 3304 Appio
479 3240 598 3304 quoque
609 3230 640 3286 et
650 3223 783 3287 Pulchro
796 3223 938 3287 claudis
946 3221 1050 3301 fratri·

58 3305 134 3384 bus,
156 3324 285 3388 quorum
306 3309 398 3369 etium
419 3325 521 3370 cosses
533 3309 567 3369 iu
583 3308 751 3388 promissio
769 3308 875 3388 fuerit.
913 3305 1056 3382 Philolog'

58 3390 285 3472 appellationem
303 3395 495 3472 assumpsisse
508 3392 628 3453 videtur,
653 3397 712 3451 out«
742 3392 774 3440 rt
793 3401 822 3440 m
837 3390 1048 3444 ms20„„sq9„„q
