2286 3862
102 174 122 236 8
192 185 222 233 c.
238 183 387 232 sor-:rom
403 182 689 242 retroneum
707 180 896 231 consanum
915 142 995 233 mn.
1012 186 1037 233 1.

103 340 202 400 olficio
215 340 384 418 frequentes
398 338 620 416 obstinatosque
631 336 667 396 ad
677 336 872 397 resistendum
884 342 1113 404 concucurrisse
1142 335 1143 344 ’

59 424 263 499 recordetur,
289 423 364 482 hauc
387 422 501 500 quidem
522 422 664 481 actionem
685 419 829 499 deposuit.
876 418 1029 485 ceterum
1052 424 1113 487 (lte

104 509 170 569 cilio
186 507 307 569 ldetello
323 506 435 565 tribuno
458 504 554 583 plebis
575 504 835 565 turbulentissimas
858 504 955 585 leges
976 508 1113 571 advorsus

103 591 281 669 collegarum
296 591 535 648 intercessionem
550 588 656 649 lerenti
678 597 825 649 auctorem
843 602 1110 671 propugnatore}
1129 616 1138 665 ·,

102 694 158 754 que
174 693 207 736 se
222 673 450 752 pertinacissime
467 673 627 750 praestitit,
645 671 740 732 donec
754 672 840 733 ambo
857 672 1121 740 administratione·

101 757 291 838 reipublicae
307 755 427 816 decreto
444 766 556 834 patrum
569 757 819 816 submoverentnr.
846 756 895 817 Ac
911 758 1015 821 nihilo
1027 765 1111 823 minas

101 858 272 922 permanere
283 842 311 899 in
326 841 493 918 magistratu
510 840 599 900 etius
615 839 712 901 dicere
730 858 831 917 ausus,
847 849 877 900 ut
897 846 1056 924 comperit
1071 864 1110 927 pe
1128 845 1129 850 ’

99 933 195 1002 ratos,
223 924 271 1002 qui
292 926 322 982 ri
346 942 382 985 ao
403 943 456 1003 per
478 943 556 985 arma
580 924 781 1003 prohiberent,
803 923 935 987 dimissis
957 927 1109 992 lictoribm
1134 968 1137 973 -

100 1010 273 1086 abiectaque
295 1017 445 1086 praetexta
473 1008 585 1068 domum
607 1009 680 1069 clam
701 1007 825 1087 refugit,
851 1026 910 1087 pro
942 1013 1110 1076 conditiom

99 1104 261 1172 temporum
274 1094 431 1170 quieturus.
458 1091 666 1153 blultitudinem
678 1110 795 1171 quoque
810 1093 900 1154 biduo
917 1104 994 1175 post
1010 1107 1110 1178 sponte

100 1187 129 1238 et
149 1176 225 1237 ultro
247 1175 438 1235 confluentem
462 1193 640 1255 operamque
663 1177 717 1236 sibi
737 1179 765 1236 in
784 1177 953 1240 adserenda
972 1180 1110 1261 dignitato
1132 1248 1136 1255 ,

98 1260 300 1321 tumultuosius
329 1258 516 1338 pollicentem
550 1263 731 1339 conpescuit.
775 1261 860 1337 Quod
893 1280 965 1326 cum
998 1268 1139 1345 praeter}

99 1345 265 1424 opinionem
284 1344 448 1421 evenisset,
472 1353 607 1421 senatus,
630 1345 668 1405 ob
685 1342 808 1407 eundem
830 1354 951 1407 coetum
974 1349 1109 1411 fontineto
1134 1352 1140 1385 '·

100 1438 235 1503 coactus,
257 1430 368 1504 gratias
393 1429 420 1488 ei
442 1447 496 1507 per
516 1429 658 1506 primores
677 1430 758 1489 viros
778 1431 855 1508 agit,
876 1432 1109 1513 accitumqueu
1127 1436 1139 1507 t

99 1514 206 1573 curiam
227 1521 256 1571 et
271 1513 456 1591 amplissimis
477 1512 576 1572 verbis
599 1511 799 1573 conlaudatum
814 1516 842 1573 in
857 1515 1019 1595 integrum
1036 1504 1138 1607 rest'rtl'

97 1599 164 1672 tuit,
179 1597 295 1656 inducto
314 1598 413 1674 priore
428 1597 557 1656 decreto.

58 1689 87 1743 li
160 1677 275 1740 Recidit
293 1698 393 1738 rursus
416 1680 444 1736 in
462 1679 616 1738 discrimen
637 1680 728 1757 aliud,
753 1681 827 1740 inter
846 1682 953 1745 socios
970 1684 1110 1749 Catilinae
1131 1689 1132 1708 ³

97 1762 258 1822 nominatus
275 1770 304 1819 et
328 1761 403 1838 apud
418 1759 542 1820 Novium
555 1761 676 1838 Nigrum
693 1774 877 1842 quaestorem
896 1782 916 1827 a
930 1767 1035 1832 Lucio
1051 1774 1110 1833 Vct
1139 1793 1143 1828 r

96 1847 138 1905 tio
154 1841 248 1903 indice
265 1851 293 1901 et
308 1844 335 1901 in
355 1852 457 1903 senatu
473 1862 489 1904 a
505 1844 611 1919 Quinto
626 1844 730 1923 Curio,
744 1849 802 1925 cui,
820 1848 897 1927 quod
911 1853 1036 1929 primus
1052 1872 1110 1917 con
1129 1840 1140 1931 l

97 1929 159 1990 silia
173 1928 387 1987 coniuratorum
398 1926 561 2004 detexerat,
573 1931 728 1990 constituta
740 1941 822 1992 erant
834 1933 957 2011 publice
969 1940 1126 2015 praemiet

98 2011 233 2073 Curiuse
250 2007 373 2071 Catilina
390 2029 422 2071 se
438 2014 617 2090 cognovisse
633 2012 764 2092 dicebat,
781 2017 895 2077 Vettius
907 2021 1007 2082 etiam
1021 2024 1109 2085 ctriro·

97 2094 239 2174 graphum
257 2094 338 2171 eius,
363 2094 504 2157 Catilinae
527 2096 637 2175 datum,
653 2098 855 2177 pollicebatur.
889 2100 925 2163 ld
942 2123 1028 2168 vero
1046 2106 1109 2169 liae
1135 2158 1141 2189 ,

97 2199 145 2241 sar
160 2178 240 2240 nullo
256 2179 343 2239 modo
366 2180 546 2242 tolerandum
562 2183 743 2262 existimans,
769 2203 833 2244 cum
854 2186 1017 2264 inplorato
1035 2188 1110 2255 (lite

96 2265 176 2326 ronis
199 2265 364 2325 testimonio
386 2265 526 2344 quaedam
550 2267 641 2327 sede
666 2269 864 2329 coniuratione
885 2269 967 2334 ultro
992 2276 1037 2337 ad
1054 2293 1110 2339 mun

97 2348 236 2411 detulisse
253 2348 421 2426 docuisset,
437 2369 474 2409 nc
494 2350 581 2410 Curio
599 2353 727 2429 praemia
743 2351 877 2413 darentur
900 2355 1029 2431 elleclt;
1046 2362 1129 2423 Vtin

96 2435 164 2494 tium
179 2433 352 2510 pignoribus
369 2436 474 2511 captis,
491 2443 520 2493 et
535 2434 646 2512 direpta
657 2434 842 2512 supellectile
857 2436 936 2498 mule
951 2442 1110 2507 mulcatum

96 2532 131 2575 ac
148 2518 320 2591 prorostris
339 2517 367 2574 in
389 2519 523 2576 contione
541 2534 634 2594 paene
652 2518 845 2598 discerptum,
868 2522 979 2585 coiecit
1000 2528 1036 2589 in
1055 2546 1110 2589 oar

97 2614 208 2663 cerem;
233 2597 337 2658 eodem
356 2598 480 2658 Novium
504 2609 703 2680 quaestorem,
727 2604 805 2681 quod
828 2606 1011 2685 compellari
1038 2608 1109 2692 apul

95 2697 127 2740 se
144 2681 282 2740 maiorem
298 2690 473 2759 potestatem
488 2701 593 2762 passus
609 2694 698 2746 esset.

52 2779 86 2833 18
157 2761 203 2822 Ex
233 2774 368 2843 praetura
393 2765 559 2827 ulteriorem
585 2770 703 2830 sortitus
727 2771 912 2851 Hispaniam,
943 2779 1130 2844 retinentem

94 2845 260 2907 creditores
277 2851 441 2911 interventu
452 2868 626 2931 sponsorum
641 2859 773 2934 removit,
791 2875 825 2918 ac
839 2875 935 2936 neque
952 2878 1047 2926 more
1064 2884 1109 2926 ne·

43 2946 55 2955 ··
95 2947 150 3009 que
166 2929 244 3006 iure,
268 2941 337 3010 ante
358 2952 443 3013 quam
461 2937 629 3015 provinciae
651 2949 837 3019 ornarentur,
864 2943 1025 3021 proiectus
1048 2958 1108 3011 est·

94 3017 252 3090 incertum,
270 3024 392 3089 ,metune
415 3019 525 3098 iudicii,
550 3023 629 3101 quod
652 3026 764 3103 privato
791 3026 962 3107 parabatur,
986 3048 1029 3093 un
1053 3049 1109 3115 quo

95 3098 230 3157 maturius
252 3099 341 3158 sociis
359 3102 571 3181 inplorantibus
592 3108 775 3180 subvenirct;
802 3118 963 3190 pacataque
983 3118 1107 3192 provin

96 3184 157 3255 cia,
182 3183 245 3259 pari
266 3182 470 3266 festinatione,
492 3208 549 3250 nou
566 3203 721 3270 expectato
738 3212 928 3272 successore,
950 3195 988 3256 ad
1009 3201 1131 3261 trium-tt

95 3265 183 3345 phuni
197 3266 281 3325 simul
297 3269 535 3351 consulatumque
557 3274 693 3337 decessit.
738 3277 796 3337 Sed
816 3296 896 3353 oum,
919 3278 1030 3343 edictis
1052 3286 1107 3345 iam

96 3350 225 3423 comitis,
249 3350 322 3411 ratio
338 3349 401 3411 eius
422 3353 524 3415 baberi
541 3376 599 3417 non
617 3370 720 3438 posset
734 3360 788 3420 nisi
807 3361 934 3437 privatus
951 3363 1107 3429 introisset

93 3432 215 3509 urben,
242 3442 272 3494 et
293 3433 424 3495 ambienti
445 3447 475 3497 ut
495 3439 610 3517 legibus
633 3444 795 3503 solveretur
816 3443 896 3502 multi
917 3449 1104 3513 contradice-
