2286 3862
211 169 489 220 onrunnrrouuu
506 169 688 218 ammonam
710 169 910 231 nunromuu.
997 158 1058 220 279

60 330 89 390 in
111 326 224 388 Etruria
249 325 420 386 consedisse
441 324 574 386 Timaeus
601 326 694 386 refert
716 325 790 386 duce
813 325 980 404 Tyrrheno,
1012 327 1057 405 qul

60 414 126 473 iatri
142 427 194 471 suo
211 417 341 470 cesserat
360 408 445 486 regni
461 409 656 471 contentione.
699 408 791 488 lgitur
811 411 841 471 in
856 408 971 472 Etruria
985 410 1060 472 iuter

62 505 178 557 ceteros
198 496 269 554 ritus
293 492 529 573 superstitionum
549 512 662 555 suarum
677 492 847 574 spectacula
863 511 978 574 qnoque
992 494 1058 556 rali-

60 580 155 656 gionis
184 579 298 639 nomine
319 579 482 647 instituunt;
510 577 575 638 inde
599 579 720 639 Romani
748 579 907 639 arcessitos
936 579 1059 639 artifices

37 671 233 738 omutuantur,
254 671 383 739 tempus,
402 663 640 740 enuntiationem,
664 671 693 722 ut
707 663 767 723 ludi
783 682 799 723 a
815 662 901 738 Lydis
921 678 1059 723 vocaren-

58 758 102 807 tur
119 793 126 806 .
145 792 151 805 .
170 791 177 805 .
224 743 294 806 (lum
309 747 474 823 promiscue
490 745 548 805 ludi
563 745 704 807 Liberalia
722 756 905 822 vocarentur,
919 746 1061 807 honorem

56 831 152 891 Liberi
168 831 258 908 patris
269 830 420 890 manifeste
428 829 569 891 sonabant
575 853 582 900 ;
598 829 703 890 bibero
718 833 821 892 enimn
838 831 952 891 rusticis
968 831 1059 909 primo

58 913 165 975 fiebant
180 914 218 973 ob
230 914 414 990 beneficium,
432 914 509 994 quod
525 916 551 974 ei
565 913 740 990 adscribunt,
762 915 955 976 demonstrata
967 914 1060 992 gratia

57 1000 124 1056 vini.
162 997 276 1058 Exinde
289 997 347 1057 ludi
364 995 520 1060 Consualia
532 998 617 1075 dicti,
632 1000 679 1077 qui
695 999 734 1057 ini
748 1000 776 1059 io
790 997 955 1078 Neptunum
965 996 1058 1059 bono-

22 1081 171 1142 rorabant:
193 1082 314 1142 eundern
335 1083 409 1141 enim
429 1091 459 1142 et
478 1079 603 1142 Consum
620 1081 772 1143 vocabant.
800 1081 925 1143 ·Debiuc
943 1079 1061 1160 Equiria

56 1166 138 1244 equis
150 1164 379 1227 llartiRomulus
392 1167 477 1236 dixit;
492 1184 663 1246 quamquam
676 1166 724 1226 alii
736 1163 1060 1228 etGonsualiallomulo

54 1251 226 1329 defendunt,
248 1252 326 1331 quod
348 1271 382 1313 ea
401 1252 503 1313 (lonso
520 1251 676 1330 dicaverit,
696 1251 751 1312 deo
773 1260 803 1311 ut
816 1250 918 1312 volunt
941 1248 1067 1325 consilii,

55 1336 117 1393 eius
139 1335 254 1394 scilicet
275 1353 332 1412 quo
348 1345 416 1395 tunc
430 1336 598 1396 Sabinarum
614 1337 757 1413 virgiuum
779 1338 911 1415 rapinam
928 1332 1068 1394 militibus

55 1417 159 1477 suisio
183 1419 362 1477 matrimonia
377 1418 603 1493 excogitavit..
617 1427 677 1477 et
693 1437 769 1477 nunc
787 1437 837 1478 ara
854 1416 952 1477 (lonso
976 1417 1047 1475 illi
1040 1433 1069 1473 ιιι

20 1518 45 1557 ιι
58 1505 138 1562 circo
155 1501 273 1561 defossa
291 1509 337 1560 est
356 1501 392 1561 ad
408 1502 515 1580 primas
530 1510 622 1560 metas
638 1500 781 1560 subterra
798 1519 861 1560 cum
876 1499 1069 1576 inscriptione

54 1586 138 1646 huius
162 1586 255 1646 modi:
286 1583 410 1646 Consus
429 1583 575 1660 concilio,
600 1582 690 1645 liare
712 1582 831 1659 duello,
854 1580 955 1642 Lares
975 1578 1068 1642 coitio

52 1676 202 1748 potentes.
248 1670 420 1730 Sacrificant
440 1669 516 1748 apud
531 1687 595 1729 eam
612 1667 704 1728 Nonis
720 1666 800 1727 Iuliis
823 1667 995 1727 sacerdotes
1014 1682 1067 1743 pu·

54 1755 140 1832 blici,
167 1754 232 1815 Xll.
263 1754 310 1814 lll.
340 1753 529 1834 Septembres
551 1753 654 1814 ilamen
679 1752 836 1828 Quirinalis
862 1759 891 1809 et
917 1751 1067 1826 Virgines.

53 1839 168 1898 Dehinc
180 1839 257 1898 idem
270 1839 409 1900 Romulus
425 1838 488 1898 lovi
503 1839 635 1899 Feretrio
654 1837 739 1896 ludos
755 1835 899 1896 instituit'
891 1834 1067 1911 ru'larpeio,

17 1942 44 1983 co
56 1940 131 2000 quos
147 1923 289 2001 Tarpeios
313 1925 406 1984 dictos
425 1933 454 1983 et
476 1922 657 2002 Capitolinos
672 1922 739 1982 Piso
760 1920 855 1981 tradit.
899 1919 970 1979 Post
992 1917 1069 1977 hunc

53 2005 147 2065 Numa
170 2005 328 2084 Pompilius
350 2008 434 2067 Marti
455 2017 484 2066 et
502 2006 640 2084 Robigini
661 2007 746 2082 lecit,
771 2007 904 2085 (namet
924 2001 1067 2079 robiginis

56 2091 139 2149 deam
161 2090 325 2169 linxerunt)
346 2090 451 2150 delrinc
466 2090 566 2150 'l'ullus
583 2089 740 2167 Hostilius,
762 2088 977 2149 dehiucAncus
991 2085 1066 2147 blar-

57 2175 119 2234 cius
144 2181 173 2232 et
192 2177 284 2234 ceteri
306 2192 423 2273 qnoque
440 2192 493 2253 per
514 2175 654 2235 ordinem.
698 2174 736 2234 Et
754 2173 857 2251 quibus
877 2172 964 2232 idolis
982 2170 1067 2230 ludos

55 2259 244 2335 instituerint,
269 2260 393 2337 positum
410 2267 455 2318 est
469 2259 545 2339 apud
562 2259 730 2319 Suetonium
747 2257 961 2335 Tranquillum,
988 2253 1034 2313 vel
1051 2270 1067 2313 a

14 2342 160 2421 atquibus
188 2342 373 2421 Tranquillus
402 2345 527 2421 accepit.
576 2341 785 2404 Tertullianus
813 2340 852 2400 de
877 2336 1068 2419 spectaculis

57 2444 127 2524 cap.
152 2437 179 2485 5.

115 2498 318 2607 Ἀσσάρια..
335 2498 555 2609 .Νονμᾶς,
539 2507 713 2609 conpositos
718 2498 877 2588 βασιλευς
891 2496 991 2600 μετὰ
987 2494 1067 2568 ‘-Pss

55 2584 166 2673 μύλον
171 2582 351 2697 Ρωμαίων
366 2613 403 2673 γε
427 2587 529 2672 ονώς,
557 2583 622 2654 ἄπο
612 2584 778 2693 σιδήρου
795 2585 925 2653 sccii
864 2591 925 2671 χαλ
928 2587 991 2652 κοῦ
1005 2607 1067 2651 αε-

56 2672 220 2758 ποιημένα
223 2674 371 2774 πρῶτος
388 2678 568 2777 papioaco
595 2674 802 2821 [yoyptnptov
835 2671 971 2774 ἔδωκεν]
984 2664 1065 2736 Ρω-

16 2778 44 2819 so
55 2762 175 2841 μαίοις,
192 2759 258 2823 τῶν
274 2750 338 2841 πρὸ
354 2751 461 2823 αὐτοῦ
476 2755 614 2824 πάντων
625 2761 680 2823 den
694 2760 795 2825 σαντί
793 2780 864 2821 νων
875 2748 958 2821 καὶ’
942 2770 1065 2852 οστρα-

56 2843 162 2904 κίνων
175 2835 245 2944 τὴν
264 2845 379 2926 χρείαν
398 2839 680 2945 miqpovnrosv,‘'
658 2866 752 2944 cnsp
762 2834 937 2924 ὠνόμασεν
952 2838 988 2904 ἐκ
1003 2837 1065 2902 τοῦ

57 2917 183 2988 ldc'ov'
165 2922 328 3028 antipatros
343 2921 482 3010 νούμια,
505 2921 549 3002 ὥς
572 2942 654 3010 φησι
683 2922 907 3010 Τραγκνλλος.
946 2926 1065 2988 Saldae

55 3031 81 3071 r.
108 3029 136 3072 o.
163 3000 316 3093 danaique.
361 3009 721 3075 loannesAntt'ocltenas
735 3032 769 3091 p
794 3021 852 3074 553
874 3012 922 3073 ed
939 3010 1062 3073 mutter.

57 3095 243 3158 Chronicnm
254 3096 410 3176 parcitate
423 3096 713 3176 Alexandrinnmp
731 3104 786 3158 218
800 3096 900 3158 Boon
936 3094 1061 3175 sparet-

16 3200 45 3242 ιι
56 3180 105 3242 las
119 3179 180 3258 lp.
201 3189 256 3244 398
270 3180 369 3243 Boon.
417 3180 575 3243 Cedrenas
589 3180 609 3240 Ι
622 3200 653 3260 p.
671 3190 729 3243 260
742 3180 841 3243 Bona.
886 3178 1065 3259 Anonymas

55 3263 213 3344 Scaliqeri
225 3283 259 3344 p.
283 3275 333 3326 54.
380 3265 645 3346 Cdronoqrapltae
662 3265 921 3328 Mommsenianas
940 3283 972 3344 p.
990 3273 1060 3325 545.

120 3348 206 3429 Apud
229 3352 355 3410 maiores
370 3350 474 3411 theatri
490 3351 599 3429 gradus
619 3359 724 3412 tantum
740 3350 868 3420 ineruut;
891 3367 955 3410 nam
973 3365 1062 3409 scena

57 3433 94 3494 de
114 3435 195 3512 ligno
213 3442 320 3495 tautum
335 3434 371 3494 ad
388 3443 501 3517 tempus
518 3435 620 3513 liebat,
645 3435 720 3495 unda
740 3433 887 3513 hodieque
905 3432 1062 3513 permansit
