2286 3862
113 175 177 240 296
387 180 418 229 6.
441 176 607 228 66666666
628 172 847 235 6666666666

180 339 213 402 G.
243 339 380 400 Valerius
403 334 533 397 Catullus
558 332 686 412 scriptor
707 330 818 409 lyricus
840 328 994 395 Veronae
1015 338 1112 400 nascit

118 445 149 488 6.
171 434 239 488 667.
255 432 315 485 668
334 470 341 484 .
359 468 365 481 .
385 468 393 482 .
414 419 544 482 catullus
560 416 709 478 6616661666
725 414 832 477 aetatis
844 432 925 479 suae
939 434 1019 481 anno
1032 420 1112 485 11666

116 512 236 572 moritur
252 525 282 569 a.
301 516 366 570 697.
385 513 451 569 698.

179 593 285 653 Varius
307 602 335 652 et
357 590 471 665 Tucca,
492 586 607 665 Virgilii
623 594 652 646 et
667 583 779 646 Horatii
797 584 1044 667 contubernio,
1059 609 1112 670 poe

116 691 164 741 tae
180 678 321 739 habentur
337 676 476 750 illustres,
494 674 542 751 qni
558 670 707 731 Aeneidos
723 678 830 749 postea
847 668 954 733 libros
965 674 1112 737 emandare

115 772 180 824 runt
197 762 250 821 sub
267 778 303 821 ea
319 760 388 837 lege
403 768 434 819 ut
450 757 518 817 nihil
534 755 677 817 adderent
691 770 721 814 u.
741 761 807 815 787.

180 844 321 923 Virgilius
346 842 428 904 Haro
451 844 479 901 in
498 857 576 920 pago
593 840 641 918 qui
655 838 756 900 Andes
772 838 883 899 dicitnr
904 839 992 903 haud
1007 844 1103 923 procul

115 930 230 992 llantua
254 931 382 990 nascitur
403 928 542 1005 Pompeio
566 934 595 984 et
612 922 720 984 Crasso
736 941 817 984 cons.
833 921 947 986 ldibus
962 923 1111 989 Octobrilu

116 1033 146 1076 a.
168 1022 236 1077 684.
266 1061 272 1074 .
302 1057 308 1072 .
339 1060 345 1072 .
370 1011 509 1090 Virgilius
532 1007 695 1069 Cremonae
716 1008 817 1069 studiis
843 1009 994 1073 eruditur
1024 1021 1110 1077 66617

117 1107 197 1161 667.
219 1144 226 1156 .
245 1143 251 1156 .
268 1098 408 1174 Virgilius
428 1104 541 1173 sumpta
561 1104 630 1172 toga
651 1092 847 1154 Hediolannm
872 1099 1112 1176 transgreditur

114 1190 183 1263 post
198 1181 289 1239 breve
308 1190 422 1258 tempus
438 1179 558 1239 Romam
572 1179 670 1260 pergit
685 1194 715 1239 a.
733 1184 797 1239 761.
816 1186 904 1240 702.
927 1225 936 1241 .
961 1227 971 1241 .
989 1181 1099 1258 Quium

116 1264 324 1327 Cremonensis
346 1264 461 1342 Virgilii
483 1273 513 1324 et
527 1263 638 1324 Horatii
661 1263 769 1324 amicus
790 1264 919 1325 moritur
946 1272 1106 1331 66766711

116 1349 333 1427 ...Virgilius
354 1348 507 1410 Brundusii
530 1350 651 1409 moritur
675 1348 775 1409 Sentio
790 1347 961 1412 Saturnino
988 1363 1021 1415 et
1042 1352 1110 1413 Lucra

116 1436 156 1497 tio
171 1432 261 1494 Cinna
281 1451 361 1493 cons.
385 1432 460 1494 Ossa
482 1435 544 1494 eius
566 1432 722 1513 Neapolim
743 1430 882 1494 translata
897 1435 936 1495 ln
955 1433 1112 1499 secundo&

116 1520 189 1580 urhe
208 1518 331 1579 miliario
356 1519 554 1597 sepeliuntur,
580 1519 662 1579 titulo
691 1516 876 1578 huiusmodi
899 1536 1005 1602 supra
1022 1523 1112 1603 scripit¹

116 1622 201 1685 quem
218 1604 283 1681 ipse
300 1604 428 1663 moriens
442 1603 619 1664 dictaverat:

201 1686 316 1748 Mantua
340 1706 386 1747 me
407 1689 522 1765 genuit,
551 1685 666 1747 Calabri
690 1704 833 1766 rapuere,
866 1696 959 1752 tenet
975 1710 1058 1756 nuno

244 1771 443 1850 Parthenope;
467 1773 561 1832 cecini
575 1789 700 1850 pascua,
718 1790 795 1848 rura,
810 1771 919 1834 duces.
940 1793 974 1840 a.
995 1787 1067 1841 736.

183 1856 360 1923 Vergilianum
379 1859 472 1918 vitam,
491 1871 556 1921 qnae
567 1856 659 1906 Donati
668 1857 874 1908 commentatoris
887 1874 956 1913 esse
969 1872 1000 1915 et
1012 1864 1090 1917 fertur
1096 1864 1112 1929 (r

114 1925 273 1976 Glossarium
291 1927 460 1977 Isidorianum
478 1941 500 1976 s.
519 1940 543 1976 v.
562 1923 710 1990 lenociniis)
730 1933 755 1976 et
771 1940 831 1976 vere
848 1942 912 1979 esse
932 1933 1062 1997 videtur,
1083 1934 1112 1985 itt

114 1994 186 2045 multi
206 1993 353 2059 Tranquillo
372 1995 536 2060 vindicarint,
562 1992 604 2045 hic
618 1994 715 2045 relerre
732 1996 789 2046 ensi
806 2009 858 2047 non
884 2013 999 2055 sumus.
1027 2002 1112 2055 Getam

114 2062 224 2130 plurima
238 2063 388 2115 Suetoniani
400 2064 498 2131 ingenii
509 2064 620 2130 vestigia
631 2078 757 2130 agnoscas
768 2065 795 2114 in
806 2078 835 2114 eo
849 2070 981 2137 exemplo
996 2072 1056 2125 eins
1066 2073 1112 2123 rita

115 2131 184 2196 quod
198 2133 310 2183 omnium
324 2134 528 2198 antiquissimum
543 2149 556 2182 e
569 2133 656 2184 codice
669 2133 728 2184 olim
742 2133 908 2199 floriacensi,
925 2153 1005 2191 nnnc
1019 2138 1112 2194 Β666666Ι

116 2201 166 2252 172
179 2202 259 2251 edidit
273 2201 301 2251 P.
316 2202 407 2252 Daniel
421 2209 445 2252 et
461 2217 543 2269 nuper
556 2200 760 2269 (Rudolphopoli
770 2201 849 2268 1847)
862 2203 892 2255 (l.
908 2205 939 2257 G.
951 2207 1063 2263 Mulier.

180 2285 334 2347 Cornelius
351 2286 449 2347 Gallus
466 2286 676 2348 Foroiuliensis
693 2296 798 2366 poeta,
821 2306 837 2349 6
854 2306 917 2367 quo
934 2294 1097 2372 primuml

113 2380 233 2450 gyptum
255 2381 364 2432 rectam
386 2390 474 2451 supra
496 2370 635 2449 diximus,
655 2371 879 2451 quadragesimo
913 2380 1016 2441 tertio
1041 2398 1075 2443 ue
1101 2378 1105 2393 '

39 2510 41 2515 s
114 2473 185 2514 suae
207 2473 282 2516 anno
305 2457 425 2536 propria
446 2475 480 2516 66
502 2474 585 2517 66666
604 2457 741 2517 interlicit
762 2475 791 2518 6.
816 2464 883 2518 727.
902 2468 971 2524 728
994 2463 1096 2527 ...A

114 2548 221 2619 gyptus
238 2539 269 2599 dt
285 2539 413 2601 Romana
432 2542 600 2619 provincia,
625 2559 709 2619 quam
728 2543 835 2621 primus
851 2546 951 2605 tenuit
972 2546 1013 2610 (l.
1032 2549 1074 2613 (lo

113 2622 169 2683 lius
187 2623 303 2700 Gallus,
320 2623 356 2684 de
374 2642 431 2703 quo
447 2624 586 2702 Virgilius
604 2624 706 2685 scribit
722 2626 749 2685 in
760 2625 911 2687 Bucolicis
928 2646 965 2690 a.
982 2640 1057 2700 725.
1069 2640 1107 2697 m

175 2707 312 2769 Horatius
327 2707 452 2769 Flaccus
468 2710 603 2769 satiricus
617 2717 645 2768 et
658 2709 767 2784 lyricus
781 2719 869 2789 poeta
887 2711 1041 2781 libertino
1056 2736 1087 2800 pr

111 2791 233 2852 Venusii
243 2797 408 2858 nascituro.
420 2800 581 2854 687-686
597 2837 604 2851 .
620 2837 627 2852 .
644 2838 651 2852 .
667 2792 803 2854 Horatius
819 2795 1076 2878 quinquagesimo

110 2878 201 2954 ptimo
215 2879 319 2936 aetatis
331 2896 401 2939 suae
415 2894 489 2939 anno
497 2875 607 2937 Romae
620 2879 740 2938 moritur
748 2895 777 2939 o.
788 2887 862 2939 744.
873 2925 880 2940 .
892 2925 898 2940 .
910 2880 1073 2951 Statuerat

21 3030 23 3035 .
110 2962 200 3019 ratius
217 2959 252 3018 ad
272 2962 387 3022 tertium
402 2981 495 3042 usque
512 2961 615 3022 librum
632 2963 782 3043 complere
798 2980 872 3042 opus
889 2971 1070 3051 carminum,

110 3062 172 3103 rurn
188 3040 279 3102 tribus
296 3044 378 3105 libris
395 3049 449 3108 iam
469 3047 553 3108 editis
570 3066 607 3107 ex
625 3050 749 3109 maximo
770 3048 926 3110 intervallo
947 3052 1035 3119 hunc
1052 3076 1086 3139 qu

110 3136 167 3188 turn
184 3128 317 3187 scribere
334 3132 502 3210 compulsus
519 3141 564 3192 est
579 3131 615 3192 ab
631 3132 781 3210 Augusto,
810 3140 839 3192 ut
856 3133 957 3197 relert
976 3142 1071 3206 Sueto
1089 3143 1095 3157 '

108 3211 137 3269 in
159 3215 216 3273 vita
238 3211 365 3289 Horatii,
392 3216 419 3275 in
441 3216 555 3277 laudem
577 3217 702 3296 privigni
724 3219 769 3278 sui
788 3216 876 3280 Drusi
898 3217 1062 3307 Neronis,

108 3294 204 3355 victor
233 3296 269 3357 de
300 3295 401 3358 Raetis
423 3298 583 3362 Vindelicis
603 3301 698 3363 luerat
725 3320 874 3363 reversus.
924 3304 1068 3377 Scholia

107 3373 220 3475 Horat.
238 3398 334 3481 curm.
352 3391 382 3460 4,
399 3392 425 3460 1,
444 3393 469 3444 1.
487 3383 620 3464 Apparet
638 3387 715 3448 hunc
730 3387 848 3448 librum.
867 3429 875 3448 .
893 3432 900 3446 .
917 3389 1083 3461 horraruc

106 3477 182 3522 sarrs
205 3476 344 3545 scrrptnm
366 3486 451 3546 esse,
481 3470 561 3529 cuius
583 3472 627 3531 rei
649 3474 734 3533 etiam
763 3472 922 3535 Suetonius
949 3491 1062 3549 auctor
