<?xml version="1.0" encoding="UTF-8"?>
<!DOCTYPE html PUBLIC "-//W3C//DTD XHTML 1.0 Transitional//EN"
    "http://www.w3.org/TR/xhtml1/DTD/xhtml1-transitional.dtd">
<html xmlns="http://www.w3.org/1999/xhtml" xml:lang="en" lang="en">
 <head>
  <title>
</title>
<meta http-equiv="Content-Type" content="text/html;charset=utf-8" />
  <meta name='ocr-system' content='tesseract 3.04.00' />
  <meta name='ocr-capabilities' content='ocr_page ocr_carea ocr_par ocr_line ocrx_word'/>
</head>
<body>
  <div class='ocr_page' id='page_1' title='image "./csuetonitranqui00trangoog_0107.png"; bbox 0 0 2334 3870; ppageno 0'>
   <div class='ocr_carea' id='block_1_1' title="bbox 117 206 658 256">
    <p class='ocr_par' dir='ltr' id='par_1_1' title="bbox 117 206 658 256">
     <span class='ocr_line' id='line_1_1' title="bbox 117 206 658 256; baseline -0.004 0"><span class='ocrx_word' id='word_1_1' title='bbox 117 207 138 256; x_wconf 69' lang='grc' dir='ltr'><strong><em>(ἔ</em></strong></span> <span class='ocrx_word' id='word_1_2' title='bbox 450 206 658 254; x_wconf 77' lang='lat' dir='ltr'><strong>PRAEFATIO.</strong></span> 
     </span>
    </p>
   </div>
   <div class='ocr_carea' id='block_1_2' title="bbox 108 357 1027 3298">
    <p class='ocr_par' dir='ltr' id='par_1_2' title="bbox 115 357 992 522">
     <span class='ocr_line' id='line_1_2' title="bbox 115 357 992 445; baseline 0.003 -25"><span class='ocrx_word' id='word_1_3' title='bbox 115 376 149 429; x_wconf 86' lang='lat'><strong><em>31</em></strong></span> <span class='ocrx_word' id='word_1_4' title='bbox 172 370 310 422; x_wconf 61' lang='lat' dir='ltr'><strong><em>siraconus</em></strong></span> <span class='ocrx_word' id='word_1_5' title='bbox 328 359 334 445; x_wconf 89' lang='grc' dir='ltr'>Ι</span> <span class='ocrx_word' id='word_1_6' title='bbox 351 369 407 439; x_wconf 80' lang='lat' dir='ltr'><strong><em>filio</em></strong></span> <span class='ocrx_word' id='word_1_7' title='bbox 431 371 562 438; x_wconf 89' lang='lat' dir='ltr'><strong><em>parentes</em></strong></span> <span class='ocrx_word' id='word_1_8' title='bbox 583 357 775 445; x_wconf 67' lang='grc' dir='ltr'><strong><em>0007101οΙ32</em></strong></span> <span class='ocrx_word' id='word_1_9' title='bbox 801 369 827 420; x_wconf 87' lang='lat' dir='ltr'><strong><em>u</em></strong></span> <span class='ocrx_word' id='word_1_10' title='bbox 845 365 992 423; x_wconf 76' lang='lat' dir='ltr'><strong><em>ludricum</em></strong></span> 
     </span>
     <span class='ocr_line' id='line_1_3' title="bbox 116 453 390 522; baseline -0.004 -15"><span class='ocrx_word' id='word_1_11' title='bbox 116 459 150 512; x_wconf 87' lang='lat'><strong><em>33</em></strong></span> <span class='ocrx_word' id='word_1_12' title='bbox 164 453 298 507; x_wconf 85' lang='lat' dir='ltr'><strong><em>ludricum</em></strong></span> <span class='ocrx_word' id='word_1_13' title='bbox 315 453 390 522; x_wconf 90' lang='lat' dir='ltr'><strong><em>quod</em></strong></span> 
     </span>
    </p>

    <p class='ocr_par' dir='ltr' id='par_1_3' title="bbox 114 533 1027 1194">
     <span class='ocr_line' id='line_1_4' title="bbox 178 533 1026 608; baseline -0.006 -12"><span class='ocrx_word' id='word_1_14' title='bbox 178 542 243 608; x_wconf 83' lang='lat'><strong><em>316,</em></strong></span> <span class='ocrx_word' id='word_1_15' title='bbox 267 544 282 594; x_wconf 98' lang='grc'>1</span> <span class='ocrx_word' id='word_1_16' title='bbox 310 537 422 591; x_wconf 88' lang='lat' dir='ltr'><strong><em>alterius</em></strong></span> <span class='ocrx_word' id='word_1_17' title='bbox 441 540 472 590; x_wconf 87' lang='lat' dir='ltr'><strong><em>ut</em></strong></span> <span class='ocrx_word' id='word_1_18' title='bbox 492 535 585 589; x_wconf 89' lang='lat' dir='ltr'><strong><em>melice</em></strong></span> <span class='ocrx_word' id='word_1_19' title='bbox 605 539 634 587; x_wconf 89' lang='lat' dir='ltr'><strong><em>at</em></strong></span> <span class='ocrx_word' id='word_1_20' title='bbox 652 548 748 588; x_wconf 89' lang='lat' dir='ltr'><strong><em>casum</em></strong></span> <span class='ocrx_word' id='word_1_21' title='bbox 768 533 904 588; x_wconf 86' lang='lat' dir='ltr'><strong><em>miserari</em></strong></span> <span class='ocrx_word' id='word_1_22' title='bbox 920 541 1026 591; x_wconf 83' lang='lat' dir='ltr'><strong><em>tantun</em></strong></span> 
     </span>
     <span class='ocr_line' id='line_1_5' title="bbox 117 615 1020 692; baseline 0.001 -18"><span class='ocrx_word' id='word_1_23' title='bbox 117 622 247 692; x_wconf 84' lang='lat' dir='ltr'><strong><em>affectum</em></strong></span> <span class='ocrx_word' id='word_1_24' title='bbox 262 622 374 674; x_wconf 83' lang='lat' dir='ltr'><strong><em>insontis</em></strong></span> <span class='ocrx_word' id='word_1_25' title='bbox 387 621 505 674; x_wconf 76' lang='lat' dir='ltr'><strong><em>amicitia</em></strong></span> <span class='ocrx_word' id='word_1_26' title='bbox 524 615 530 689; x_wconf 99' lang='grc' dir='ltr'>Ι</span> <span class='ocrx_word' id='word_1_27' title='bbox 548 616 692 676; x_wconf 70' lang='grc'>2166111111</span> <span class='ocrx_word' id='word_1_28' title='bbox 703 631 802 672; x_wconf 82' lang='lat' dir='ltr'><strong><em>vorsus</em></strong></span> <span class='ocrx_word' id='word_1_29' title='bbox 813 617 904 687; x_wconf 74' lang='lat' dir='ltr'><strong><em>Vos-g.</em></strong></span> <span class='ocrx_word' id='word_1_30' title='bbox 921 619 1020 690; x_wconf 81' lang='lat' dir='ltr'><strong><em>Georg</em></strong></span> 
     </span>
     <span class='ocr_line' id='line_1_6' title="bbox 119 694 1027 780; baseline -0.003 -18"><span class='ocrx_word' id='word_1_31' title='bbox 119 713 142 768; x_wconf 88' lang='lat' dir='ltr'><strong><em>l,</em></strong></span> <span class='ocrx_word' id='word_1_32' title='bbox 158 709 209 762; x_wconf 78' lang='lat'><strong><em>466</em></strong></span> <span class='ocrx_word' id='word_1_33' title='bbox 224 707 299 760; x_wconf 63' lang='lat'>&lt;2141</span> <span class='ocrx_word' id='word_1_34' title='bbox 325 702 330 772; x_wconf 93' lang='grc' dir='ltr'>Ι</span> <span class='ocrx_word' id='word_1_35' title='bbox 354 711 371 763; x_wconf 84' lang='lat'><strong>3</strong></span> <span class='ocrx_word' id='word_1_36' title='bbox 385 718 455 775; x_wconf 89' lang='lat' dir='ltr'><strong><em>opus</em></strong></span> <span class='ocrx_word' id='word_1_37' title='bbox 468 706 494 758; x_wconf 90' lang='lat' dir='ltr'><strong><em>si</em></strong></span> <span class='ocrx_word' id='word_1_38' title='bbox 505 705 591 773; x_wconf 88' lang='lat' dir='ltr'><strong><em>ipsius</em></strong></span> <span class='ocrx_word' id='word_1_39' title='bbox 609 694 614 780; x_wconf 88' lang='grc' dir='ltr'>Ι</span> <span class='ocrx_word' id='word_1_40' title='bbox 634 708 649 759; x_wconf 92' lang='grc'>5</span> <span class='ocrx_word' id='word_1_41' title='bbox 668 700 767 772; x_wconf 82' lang='lat' dir='ltr'><strong><em>futura</em></strong></span> <span class='ocrx_word' id='word_1_42' title='bbox 776 703 920 772; x_wconf 75' lang='lat' dir='ltr'><strong><em>prospicit</em></strong></span> <span class='ocrx_word' id='word_1_43' title='bbox 935 703 1027 759; x_wconf 86' lang='lat' dir='ltr'><strong><em>lsido-</em></strong></span> 
     </span>
     <span class='ocr_line' id='line_1_7' title="bbox 118 775 1027 865; baseline -0.001 -23"><span class='ocrx_word' id='word_1_44' title='bbox 118 789 202 842; x_wconf 88' lang='lat' dir='ltr'><strong><em>dorus</em></strong></span> <span class='ocrx_word' id='word_1_45' title='bbox 223 788 338 843; x_wconf 81' lang='lat' dir='ltr'><strong><em>Arevali</em></strong></span> <span class='ocrx_word' id='word_1_46' title='bbox 363 783 368 864; x_wconf 93' lang='grc' dir='ltr'>Ι</span> <span class='ocrx_word' id='word_1_47' title='bbox 395 793 427 845; x_wconf 93' lang='grc'>12</span> <span class='ocrx_word' id='word_1_48' title='bbox 447 802 533 858; x_wconf 91' lang='lat' dir='ltr'><strong><em>opero</em></strong></span> <span class='ocrx_word' id='word_1_49' title='bbox 559 780 564 863; x_wconf 91' lang='grc' dir='ltr'>Ι</span> <span class='ocrx_word' id='word_1_50' title='bbox 589 793 620 844; x_wconf 88' lang='lat'><strong><em>15</em></strong></span> <span class='ocrx_word' id='word_1_51' title='bbox 634 785 728 839; x_wconf 89' lang='lat' dir='ltr'><strong><em>alterio</em></strong></span> <span class='ocrx_word' id='word_1_52' title='bbox 752 775 760 862; x_wconf 89' lang='grc' dir='ltr'>Ι</span> <span class='ocrx_word' id='word_1_53' title='bbox 786 790 818 844; x_wconf 86' lang='grc'>19</span> <span class='ocrx_word' id='word_1_54' title='bbox 832 780 1027 865; x_wconf 76' lang='lat' dir='ltr'><strong><em>quantitatis}</em></strong></span> 
     </span>
     <span class='ocr_line' id='line_1_8' title="bbox 116 864 1026 947; baseline -0.003 -18"><span class='ocrx_word' id='word_1_55' title='bbox 116 877 149 929; x_wconf 94' lang='grc'>21</span> <span class='ocrx_word' id='word_1_56' title='bbox 167 871 300 925; x_wconf 85' lang='lat' dir='ltr'><strong><em>bominem</em></strong></span> <span class='ocrx_word' id='word_1_57' title='bbox 315 873 423 943; x_wconf 89' lang='lat' dir='ltr'><strong><em>quidem</em></strong></span> <span class='ocrx_word' id='word_1_58' title='bbox 442 864 446 947; x_wconf 87' lang='grc' dir='ltr'>Ι</span> <span class='ocrx_word' id='word_1_59' title='bbox 466 877 501 931; x_wconf 97' lang='grc'><strong><em>23</em></strong></span> <span class='ocrx_word' id='word_1_60' title='bbox 523 873 608 926; x_wconf 83' lang='lat' dir='ltr'><strong><em>noctis</em></strong></span> <span class='ocrx_word' id='word_1_61' title='bbox 626 874 656 924; x_wconf 90' lang='lat' dir='ltr'><strong><em>ut</em></strong></span> <span class='ocrx_word' id='word_1_62' title='bbox 670 869 788 923; x_wconf 79' lang='lat' dir='ltr'><strong><em>interdiu</em></strong></span> <span class='ocrx_word' id='word_1_63' title='bbox 803 869 858 922; x_wconf 89' lang='lat' dir='ltr'><strong><em>diei</em></strong></span> <span class='ocrx_word' id='word_1_64' title='bbox 874 869 1003 926; x_wconf 78' lang='lat' dir='ltr'><strong><em>Bondam</em></strong></span> <span class='ocrx_word' id='word_1_65' title='bbox 1020 874 1026 936; x_wconf 92' lang='grc' dir='ltr'>Ι</span> 
     </span>
     <span class='ocr_line' id='line_1_9' title="bbox 115 945 1024 1032; baseline -0.002 -21"><span class='ocrx_word' id='word_1_66' title='bbox 115 961 149 1012; x_wconf 77' lang='lat'><strong><em>25</em></strong></span> <span class='ocrx_word' id='word_1_67' title='bbox 175 959 294 1010; x_wconf 61' lang='lat' dir='ltr'><strong><em>osanam</em></strong></span> <span class='ocrx_word' id='word_1_68' title='bbox 318 958 445 1010; x_wconf 72' lang='lat' dir='ltr'><strong><em>noticiam</em></strong></span> <span class='ocrx_word' id='word_1_69' title='bbox 463 949 468 1032; x_wconf 85' lang='grc' dir='ltr'>Ι</span> <span class='ocrx_word' id='word_1_70' title='bbox 487 961 521 1014; x_wconf 78' lang='lat'><strong><em>26</em></strong></span> <span class='ocrx_word' id='word_1_71' title='bbox 546 957 644 1026; x_wconf 71' lang='lat' dir='ltr'><strong><em>aequis</em></strong></span> <span class='ocrx_word' id='word_1_72' title='bbox 661 954 712 1007; x_wconf 80' lang='lat' dir='ltr'><strong><em>scu</em></strong></span> <span class='ocrx_word' id='word_1_73' title='bbox 728 945 734 1028; x_wconf 93' lang='grc' dir='ltr'>Ι</span> <span class='ocrx_word' id='word_1_74' title='bbox 753 958 787 1011; x_wconf 78' lang='lat'><strong><em>29</em></strong></span> <span class='ocrx_word' id='word_1_75' title='bbox 803 950 948 1023; x_wconf 69' lang='lat' dir='ltr'><strong><em>Nefaria</em></strong></span> <span class='ocrx_word' id='word_1_76' title='bbox 972 960 999 1009; x_wconf 87' lang='lat' dir='ltr'><strong><em>a</em></strong></span> <span class='ocrx_word' id='word_1_77' title='bbox 1014 947 1024 1029; x_wconf 88' lang='grc' dir='ltr'>Ι</span> 
     </span>
     <span class='ocr_line' id='line_1_10' title="bbox 115 1028 1019 1114; baseline -0.003 -20"><span class='ocrx_word' id='word_1_78' title='bbox 115 1045 149 1098; x_wconf 76' lang='lat'><strong><em>34</em></strong></span> <span class='ocrx_word' id='word_1_79' title='bbox 171 1046 197 1093; x_wconf 90' lang='lat' dir='ltr'><strong><em>et</em></strong></span> <span class='ocrx_word' id='word_1_80' title='bbox 216 1041 285 1094; x_wconf 88' lang='lat' dir='ltr'><strong><em>oliva</em></strong></span> <span class='ocrx_word' id='word_1_81' title='bbox 305 1045 331 1094; x_wconf 87' lang='lat' dir='ltr'><strong><em>et</em></strong></span> <span class='ocrx_word' id='word_1_82' title='bbox 351 1041 432 1094; x_wconf 91' lang='lat' dir='ltr'><strong><em>olium</em></strong></span> <span class='ocrx_word' id='word_1_83' title='bbox 453 1044 479 1092; x_wconf 91' lang='lat' dir='ltr'><strong><em>et</em></strong></span> <span class='ocrx_word' id='word_1_84' title='bbox 497 1036 568 1093; x_wconf 81' lang='lat' dir='ltr'><strong><em>aol&#39;a</em></strong></span> <span class='ocrx_word' id='word_1_85' title='bbox 594 1037 706 1108; x_wconf 88' lang='lat' dir='ltr'><strong><em>fructus</em></strong></span> <span class='ocrx_word' id='word_1_86' title='bbox 724 1028 730 1114; x_wconf 92' lang='grc' dir='ltr'>Ι</span> <span class='ocrx_word' id='word_1_87' title='bbox 749 1043 782 1097; x_wconf 92' lang='grc'>35</span> <span class='ocrx_word' id='word_1_88' title='bbox 804 1038 936 1092; x_wconf 88' lang='lat' dir='ltr'><strong><em>olivetum</em></strong></span> <span class='ocrx_word' id='word_1_89' title='bbox 953 1037 1019 1094; x_wconf 81' lang='lat' dir='ltr'><strong><em>unde</em></strong></span> 
     </span>
     <span class='ocr_line' id='line_1_11' title="bbox 114 1123 1021 1194; baseline 0 -17"><span class='ocrx_word' id='word_1_90' title='bbox 114 1125 211 1177; x_wconf 86' lang='lat' dir='ltr'><strong><em>olivum</em></strong></span> <span class='ocrx_word' id='word_1_91' title='bbox 228 1124 358 1192; x_wconf 83' lang='lat' dir='ltr'><em>liquorem</em></span> <span class='ocrx_word' id='word_1_92' title='bbox 370 1123 512 1193; x_wconf 88' lang='lat' dir='ltr'><strong><em>appellant</em></strong></span> <span class='ocrx_word' id='word_1_93' title='bbox 521 1127 552 1176; x_wconf 92' lang='lat' dir='ltr'><strong><em>ut</em></strong></span> <span class='ocrx_word' id='word_1_94' title='bbox 564 1127 743 1194; x_wconf 81' lang='lat' dir='ltr'><strong><em>querquetum</em></strong></span> <span class='ocrx_word' id='word_1_95' title='bbox 751 1126 914 1192; x_wconf 68' lang='lat' dir='ltr'><strong><em>prunetum.</em></strong></span> <span class='ocrx_word' id='word_1_96' title='bbox 932 1137 1021 1177; x_wconf 77' lang='lat' dir='ltr'><strong><em>venem</em></strong></span> 
     </span>
    </p>

    <p class='ocr_par' dir='ltr' id='par_1_4' title="bbox 110 1197 1026 1786">
     <span class='ocr_line' id='line_1_12' title="bbox 177 1197 1024 1283; baseline -0.002 -20"><span class='ocrx_word' id='word_1_97' title='bbox 177 1211 244 1274; x_wconf 87' lang='grc'>317,</span> <span class='ocrx_word' id='word_1_98' title='bbox 276 1212 293 1263; x_wconf 88' lang='grc'>3</span> <span class='ocrx_word' id='word_1_99' title='bbox 321 1211 401 1260; x_wconf 85' lang='lat' dir='ltr'><strong><em>ovata</em></strong></span> <span class='ocrx_word' id='word_1_100' title='bbox 426 1211 475 1260; x_wconf 94' lang='lat' dir='ltr'><strong><em>aut</em></strong></span> <span class='ocrx_word' id='word_1_101' title='bbox 495 1221 581 1276; x_wconf 89' lang='lat' dir='ltr'><strong><em>super</em></strong></span> <span class='ocrx_word' id='word_1_102' title='bbox 600 1221 716 1278; x_wconf 88' lang='lat' dir='ltr'><strong><em>aequum</em></strong></span> <span class='ocrx_word' id='word_1_103' title='bbox 742 1198 747 1282; x_wconf 90' lang='grc' dir='ltr'>Ι</span> <span class='ocrx_word' id='word_1_104' title='bbox 772 1209 788 1263; x_wconf 96' lang='grc'>7</span> <span class='ocrx_word' id='word_1_105' title='bbox 818 1221 906 1277; x_wconf 82' lang='lat' dir='ltr'><strong><em>quam</em></strong></span> <span class='ocrx_word' id='word_1_106' title='bbox 929 1209 990 1261; x_wconf 89' lang='lat' dir='ltr'><strong><em>oris</em></strong></span> <span class='ocrx_word' id='word_1_107' title='bbox 1017 1197 1024 1283; x_wconf 71' lang='grc' dir='ltr'>Ι</span> 
     </span>
     <span class='ocr_line' id='line_1_13' title="bbox 113 1283 1025 1368; baseline 0.004 -26"><span class='ocrx_word' id='word_1_108' title='bbox 113 1297 131 1348; x_wconf 84' lang='grc'>3</span> <span class='ocrx_word' id='word_1_109' title='bbox 153 1293 291 1358; x_wconf 87' lang='lat' dir='ltr'><strong><em>precatur</em></strong></span> <span class='ocrx_word' id='word_1_110' title='bbox 312 1296 360 1344; x_wconf 91' lang='lat' dir='ltr'><strong><em>aut</em></strong></span> <span class='ocrx_word' id='word_1_111' title='bbox 377 1283 382 1368; x_wconf 90' lang='grc' dir='ltr'>Ι</span> <span class='ocrx_word' id='word_1_112' title='bbox 409 1295 441 1348; x_wconf 87' lang='lat'><strong><em>14</em></strong></span> <span class='ocrx_word' id='word_1_113' title='bbox 460 1292 532 1345; x_wconf 88' lang='lat' dir='ltr'><strong><em>oculi</em></strong></span> <span class='ocrx_word' id='word_1_114' title='bbox 548 1289 553 1364; x_wconf 90' lang='grc' dir='ltr'>Ι</span> <span class='ocrx_word' id='word_1_115' title='bbox 573 1298 606 1349; x_wconf 83' lang='lat'><strong><em>15</em></strong></span> <span class='ocrx_word' id='word_1_116' title='bbox 624 1291 758 1345; x_wconf 87' lang='lat' dir='ltr'><strong><em>interdum</em></strong></span> <span class='ocrx_word' id='word_1_117' title='bbox 777 1288 910 1344; x_wconf 84' lang='lat' dir='ltr'><strong><em>tenebrae</em></strong></span> <span class='ocrx_word' id='word_1_118' title='bbox 928 1306 992 1346; x_wconf 79' lang='lat' dir='ltr'><strong><em>nou</em></strong></span> <span class='ocrx_word' id='word_1_119' title='bbox 1019 1296 1025 1358; x_wconf 88' lang='grc' dir='ltr'>Ι</span> 
     </span>
     <span class='ocr_line' id='line_1_14' title="bbox 115 1364 1025 1450; baseline 0.004 -24"><span class='ocrx_word' id='word_1_120' title='bbox 115 1380 147 1433; x_wconf 84' lang='grc'>16</span> <span class='ocrx_word' id='word_1_121' title='bbox 162 1373 325 1444; x_wconf 78' lang='lat' dir='ltr'><strong><em>corporibus</em></strong></span> <span class='ocrx_word' id='word_1_122' title='bbox 338 1375 367 1428; x_wconf 89' lang='lat' dir='ltr'><strong><em>in</em></strong></span> <span class='ocrx_word' id='word_1_123' title='bbox 382 1375 457 1430; x_wconf 88' lang='lat' dir='ltr'><strong><em>caclo</em></strong></span> <span class='ocrx_word' id='word_1_124' title='bbox 468 1377 636 1446; x_wconf 82' lang='lat' dir='ltr'><strong><em>conspicitur</em></strong></span> <span class='ocrx_word' id='word_1_125' title='bbox 648 1384 677 1428; x_wconf 84' lang='lat' dir='ltr'><strong><em>ut</em></strong></span> <span class='ocrx_word' id='word_1_126' title='bbox 691 1380 807 1429; x_wconf 87' lang='lat' dir='ltr'><strong><em>comecte</em></strong></span> <span class='ocrx_word' id='word_1_127' title='bbox 824 1364 830 1450; x_wconf 93' lang='grc' dir='ltr'>Ι</span> <span class='ocrx_word' id='word_1_128' title='bbox 850 1378 885 1433; x_wconf 91' lang='grc'><strong><em>17</em></strong></span> <span class='ocrx_word' id='word_1_129' title='bbox 905 1377 1025 1446; x_wconf 84' lang='lat' dir='ltr'><strong><em>coquito.</em></strong></span> 
     </span>
     <span class='ocr_line' id='line_1_15' title="bbox 115 1452 1026 1535; baseline 0 -23"><span class='ocrx_word' id='word_1_130' title='bbox 115 1458 237 1513; x_wconf 78' lang='lat' dir='ltr'><strong><em>fortusse</em></strong></span> <span class='ocrx_word' id='word_1_131' title='bbox 249 1460 358 1514; x_wconf 93' lang='lat' dir='ltr'><strong><em>modum</em></strong></span> <span class='ocrx_word' id='word_1_132' title='bbox 370 1465 489 1515; x_wconf 90' lang='lat' dir='ltr'><strong><em>naturae</em></strong></span> <span class='ocrx_word' id='word_1_133' title='bbox 505 1461 628 1531; x_wconf 86' lang='lat' dir='ltr'><strong><em>coquitue</em></strong></span> <span class='ocrx_word' id='word_1_134' title='bbox 645 1452 651 1535; x_wconf 89' lang='grc' dir='ltr'>Ι</span> <span class='ocrx_word' id='word_1_135' title='bbox 670 1459 808 1529; x_wconf 85' lang='lat' dir='ltr'><strong><em>eqreditur</em></strong></span> <span class='ocrx_word' id='word_1_136' title='bbox 824 1471 949 1528; x_wconf 89' lang='lat' dir='ltr'><strong><em>serpens</em></strong></span> <span class='ocrx_word' id='word_1_137' title='bbox 965 1475 1026 1514; x_wconf 91' lang='lat' dir='ltr'><strong><em>cum</em></strong></span> 
     </span>
     <span class='ocr_line' id='line_1_16' title="bbox 110 1537 1025 1618; baseline 0.003 -22"><span class='ocrx_word' id='word_1_138' title='bbox 110 1541 227 1613; x_wconf 89' lang='lat' dir='ltr'><strong><em>pedibus</em></strong></span> <span class='ocrx_word' id='word_1_139' title='bbox 249 1537 454 1618; x_wconf 68' lang='grc'>0010001123</span> <span class='ocrx_word' id='word_1_140' title='bbox 474 1559 595 1615; x_wconf 90' lang='lat' dir='ltr'><strong><em>peccora</em></strong></span> <span class='ocrx_word' id='word_1_141' title='bbox 623 1541 667 1597; x_wconf 84' lang='lat' dir='ltr'><strong><em>his</em></strong></span> <span class='ocrx_word' id='word_1_142' title='bbox 687 1538 691 1618; x_wconf 90' lang='grc' dir='ltr'>Ι</span> <span class='ocrx_word' id='word_1_143' title='bbox 716 1548 749 1601; x_wconf 85' lang='grc'>29</span> <span class='ocrx_word' id='word_1_144' title='bbox 772 1556 839 1596; x_wconf 87' lang='lat' dir='ltr'><strong><em>oasa</em></strong></span> <span class='ocrx_word' id='word_1_145' title='bbox 867 1540 952 1599; x_wconf 74' lang='lat' dir='ltr'><strong><em>Hand</em></strong></span> <span class='ocrx_word' id='word_1_146' title='bbox 974 1559 1025 1615; x_wconf 89' lang='lat' dir='ltr'><strong><em>pro</em></strong></span> 
     </span>
     <span class='ocr_line' id='line_1_17' title="bbox 115 1617 1021 1702; baseline 0.001 -21"><span class='ocrx_word' id='word_1_147' title='bbox 115 1626 211 1682; x_wconf 81' lang='lat' dir='ltr'><strong><em>baalia.</em></strong></span> <span class='ocrx_word' id='word_1_148' title='bbox 256 1627 314 1682; x_wconf 82' lang='lat' dir='ltr'><strong><em>Alii</em></strong></span> <span class='ocrx_word' id='word_1_149' title='bbox 335 1629 400 1684; x_wconf 84' lang='lat' dir='ltr'><strong><em>libri</em></strong></span> <span class='ocrx_word' id='word_1_150' title='bbox 423 1644 510 1699; x_wconf 83' lang='lat' dir='ltr'><strong><em>naqa,</em></strong></span> <span class='ocrx_word' id='word_1_151' title='bbox 529 1643 629 1689; x_wconf 86' lang='lat' dir='ltr'><strong><em>uacua,</em></strong></span> <span class='ocrx_word' id='word_1_152' title='bbox 650 1628 728 1697; x_wconf 83' lang='lat' dir='ltr'><strong><em>oirqa</em></strong></span> <span class='ocrx_word' id='word_1_153' title='bbox 744 1626 847 1681; x_wconf 81' lang='lat' dir='ltr'><strong><em>habant</em></strong></span> <span class='ocrx_word' id='word_1_154' title='bbox 866 1617 872 1702; x_wconf 90' lang='grc' dir='ltr'>Ι</span> <span class='ocrx_word' id='word_1_155' title='bbox 892 1632 928 1686; x_wconf 93' lang='grc'>30</span> <span class='ocrx_word' id='word_1_156' title='bbox 944 1644 1021 1682; x_wconf 90' lang='lat' dir='ltr'><strong><em>ama·</em></strong></span> 
     </span>
     <span class='ocr_line' id='line_1_18' title="bbox 113 1701 916 1786; baseline 0 -22"><span class='ocrx_word' id='word_1_157' title='bbox 113 1712 167 1764; x_wconf 90' lang='lat' dir='ltr'><strong><em>leta</em></strong></span> <span class='ocrx_word' id='word_1_158' title='bbox 186 1704 191 1785; x_wconf 93' lang='grc' dir='ltr'>Ι</span> <span class='ocrx_word' id='word_1_159' title='bbox 210 1716 243 1769; x_wconf 87' lang='grc'>35</span> <span class='ocrx_word' id='word_1_160' title='bbox 259 1712 384 1767; x_wconf 89' lang='lat' dir='ltr'><strong><em>dominus</em></strong></span> <span class='ocrx_word' id='word_1_161' title='bbox 396 1713 534 1783; x_wconf 90' lang='lat' dir='ltr'><strong><em>proprius</em></strong></span> <span class='ocrx_word' id='word_1_162' title='bbox 554 1716 594 1764; x_wconf 91' lang='lat' dir='ltr'><strong><em>est</em></strong></span> <span class='ocrx_word' id='word_1_163' title='bbox 614 1710 688 1764; x_wconf 88' lang='lat' dir='ltr'><strong><em>loeus</em></strong></span> <span class='ocrx_word' id='word_1_164' title='bbox 707 1701 713 1786; x_wconf 90' lang='grc' dir='ltr'>Ι</span> <span class='ocrx_word' id='word_1_165' title='bbox 731 1711 916 1779; x_wconf 71' lang='lat' dir='ltr'><strong><em>suspicatur.</em></strong></span> 
     </span>
    </p>

    <p class='ocr_par' dir='ltr' id='par_1_5' title="bbox 110 1793 1025 2377">
     <span class='ocr_line' id='line_1_19' title="bbox 173 1793 1023 1865; baseline -0.002 -13"><span class='ocrx_word' id='word_1_166' title='bbox 173 1799 240 1862; x_wconf 84' lang='lat'><strong><em>318,</em></strong></span> <span class='ocrx_word' id='word_1_167' title='bbox 259 1801 275 1851; x_wconf 93' lang='grc'>2</span> <span class='ocrx_word' id='word_1_168' title='bbox 298 1796 395 1851; x_wconf 87' lang='lat' dir='ltr'><strong><em>dubiae</em></strong></span> <span class='ocrx_word' id='word_1_169' title='bbox 416 1798 458 1849; x_wconf 89' lang='lat' dir='ltr'><strong><em>rei</em></strong></span> <span class='ocrx_word' id='word_1_170' title='bbox 471 1795 609 1865; x_wconf 84' lang='lat' dir='ltr'><strong><em>prospicit</em></strong></span> <span class='ocrx_word' id='word_1_171' title='bbox 626 1793 742 1863; x_wconf 79' lang='lat' dir='ltr'><strong><em>fordmd</em></strong></span> <span class='ocrx_word' id='word_1_172' title='bbox 765 1794 902 1864; x_wconf 87' lang='lat' dir='ltr'><strong><em>spicatur.</em></strong></span> <span class='ocrx_word' id='word_1_173' title='bbox 949 1795 1023 1850; x_wconf 92' lang='lat' dir='ltr'><strong><em>Pro·</em></strong></span> 
     </span>
     <span class='ocr_line' id='line_1_20' title="bbox 113 1868 1023 1956; baseline 0.003 -26"><span class='ocrx_word' id='word_1_174' title='bbox 113 1875 216 1931; x_wconf 85' lang='lat' dir='ltr'><strong><em>biberet</em></strong></span> <span class='ocrx_word' id='word_1_175' title='bbox 234 1874 238 1952; x_wconf 95' lang='grc' dir='ltr'>Ι</span> <span class='ocrx_word' id='word_1_176' title='bbox 257 1884 275 1934; x_wconf 86' lang='grc'>4</span> <span class='ocrx_word' id='word_1_177' title='bbox 284 1895 374 1949; x_wconf 90' lang='lat' dir='ltr'><strong><em>porro</em></strong></span> <span class='ocrx_word' id='word_1_178' title='bbox 391 1879 482 1933; x_wconf 89' lang='lat' dir='ltr'><strong><em>iubere</em></strong></span> <span class='ocrx_word' id='word_1_179' title='bbox 501 1869 506 1956; x_wconf 90' lang='grc' dir='ltr'>Ι</span> <span class='ocrx_word' id='word_1_180' title='bbox 524 1884 542 1937; x_wconf 88' lang='grc'>8</span> <span class='ocrx_word' id='word_1_181' title='bbox 557 1878 677 1933; x_wconf 80' lang='lat' dir='ltr'><strong><em>fortasse</em></strong></span> <span class='ocrx_word' id='word_1_182' title='bbox 692 1877 834 1932; x_wconf 84' lang='lat' dir='ltr'><strong><em>obesorum</em></strong></span> <span class='ocrx_word' id='word_1_183' title='bbox 847 1875 995 1933; x_wconf 81' lang='lat' dir='ltr'><strong><em>bominum</em></strong></span> <span class='ocrx_word' id='word_1_184' title='bbox 1017 1868 1023 1955; x_wconf 90' lang='grc' dir='ltr'>Ι</span> 
     </span>
     <span class='ocr_line' id='line_1_21' title="bbox 112 1955 1025 2040; baseline 0.001 -23"><span class='ocrx_word' id='word_1_185' title='bbox 112 1967 146 2017; x_wconf 88' lang='grc'>12</span> <span class='ocrx_word' id='word_1_186' title='bbox 167 1967 192 2014; x_wconf 89' lang='lat' dir='ltr'><strong><em>et</em></strong></span> <span class='ocrx_word' id='word_1_187' title='bbox 217 1964 311 2032; x_wconf 83' lang='lat' dir='ltr'><strong><em>reqale</em></strong></span> <span class='ocrx_word' id='word_1_188' title='bbox 329 1957 334 2040; x_wconf 89' lang='grc' dir='ltr'>Ι</span> <span class='ocrx_word' id='word_1_189' title='bbox 355 1969 388 2021; x_wconf 82' lang='lat'><strong><em>14</em></strong></span> <span class='ocrx_word' id='word_1_190' title='bbox 410 1963 589 2032; x_wconf 83' lang='lat' dir='ltr'><strong><em>relinquimur</em></strong></span> <span class='ocrx_word' id='word_1_191' title='bbox 607 1955 612 2039; x_wconf 89' lang='grc' dir='ltr'>Ι</span> <span class='ocrx_word' id='word_1_192' title='bbox 633 1967 665 2020; x_wconf 90' lang='grc'><strong><em>16</em></strong></span> <span class='ocrx_word' id='word_1_193' title='bbox 691 1962 804 2016; x_wconf 86' lang='lat' dir='ltr'><strong><em>dicimus</em></strong></span> <span class='ocrx_word' id='word_1_194' title='bbox 823 1960 884 2015; x_wconf 90' lang='lat' dir='ltr'><strong><em>olea</em></strong></span> <span class='ocrx_word' id='word_1_195' title='bbox 906 1960 1025 2031; x_wconf 71' lang='lat' dir='ltr'><strong><em>fractio</em></strong></span> 
     </span>
     <span class='ocr_line' id='line_1_22' title="bbox 111 2039 1021 2124; baseline 0.011 -27"><span class='ocrx_word' id='word_1_196' title='bbox 111 2049 152 2098; x_wconf 88' lang='lat' dir='ltr'><strong><em>est</em></strong></span> <span class='ocrx_word' id='word_1_197' title='bbox 166 2044 235 2100; x_wconf 88' lang='lat' dir='ltr'><strong><em>olioa</em></strong></span> <span class='ocrx_word' id='word_1_198' title='bbox 252 2046 337 2101; x_wconf 90' lang='lat' dir='ltr'><strong><em>arbor</em></strong></span> <span class='ocrx_word' id='word_1_199' title='bbox 352 2047 491 2101; x_wconf 88' lang='lat' dir='ltr'><strong><em>multitudo</em></strong></span> <span class='ocrx_word' id='word_1_200' title='bbox 505 2047 604 2101; x_wconf 88' lang='lat' dir='ltr'><strong><em>dicitur</em></strong></span> <span class='ocrx_word' id='word_1_201' title='bbox 619 2047 741 2115; x_wconf 87' lang='lat' dir='ltr'><strong><em>relictos,</em></strong></span> <span class='ocrx_word' id='word_1_202' title='bbox 759 2044 811 2099; x_wconf 81' lang='lat' dir='ltr'><strong><em>air.</em></strong></span> <span class='ocrx_word' id='word_1_203' title='bbox 826 2061 853 2116; x_wconf 88' lang='lat' dir='ltr'><strong><em>p.</em></strong></span> <span class='ocrx_word' id='word_1_204' title='bbox 870 2050 945 2116; x_wconf 88' lang='grc'>316,</span> <span class='ocrx_word' id='word_1_205' title='bbox 963 2051 1000 2106; x_wconf 79' lang='grc'>34</span> <span class='ocrx_word' id='word_1_206' title='bbox 1016 2039 1021 2124; x_wconf 94' lang='grc' dir='ltr'>Ι</span> 
     </span>
     <span class='ocr_line' id='line_1_23' title="bbox 111 2121 1021 2208; baseline -0.002 -22"><span class='ocrx_word' id='word_1_207' title='bbox 111 2130 145 2186; x_wconf 83' lang='grc'>13</span> <span class='ocrx_word' id='word_1_208' title='bbox 162 2127 321 2185; x_wconf 86' lang='lat' dir='ltr'><strong><em>Recidioum</em></strong></span> <span class='ocrx_word' id='word_1_209' title='bbox 341 2137 366 2185; x_wconf 88' lang='lat' dir='ltr'><strong><em>et</em></strong></span> <span class='ocrx_word' id='word_1_210' title='bbox 381 2130 542 2186; x_wconf 84' lang='lat' dir='ltr'><strong><em>Rediuiuum</em></strong></span> <span class='ocrx_word' id='word_1_211' title='bbox 566 2129 632 2185; x_wconf 88' lang='lat' dir='ltr'><strong><em>olim</em></strong></span> <span class='ocrx_word' id='word_1_212' title='bbox 654 2129 707 2184; x_wconf 84' lang='lat' dir='ltr'><strong><em>luit</em></strong></span> <span class='ocrx_word' id='word_1_213' title='bbox 724 2121 731 2208; x_wconf 90' lang='grc' dir='ltr'>Ι</span> <span class='ocrx_word' id='word_1_214' title='bbox 749 2147 765 2185; x_wconf 87' lang='lat' dir='ltr'><strong><em>a</em></strong></span> <span class='ocrx_word' id='word_1_215' title='bbox 785 2130 869 2183; x_wconf 86' lang='lat' dir='ltr'><strong><em>literis</em></strong></span> <span class='ocrx_word' id='word_1_216' title='bbox 889 2124 895 2203; x_wconf 92' lang='grc' dir='ltr'>Ι</span> <span class='ocrx_word' id='word_1_217' title='bbox 914 2135 952 2188; x_wconf 91' lang='grc'>20</span> <span class='ocrx_word' id='word_1_218' title='bbox 976 2130 1021 2185; x_wconf 89' lang='lat' dir='ltr'><strong><em>de-</em></strong></span> 
     </span>
     <span class='ocr_line' id='line_1_24' title="bbox 110 2205 1022 2293; baseline 0.004 -28"><span class='ocrx_word' id='word_1_219' title='bbox 110 2210 221 2282; x_wconf 81' lang='lat' dir='ltr'><strong><em>fractis.</em></strong></span> <span class='ocrx_word' id='word_1_220' title='bbox 241 2215 405 2269; x_wconf 83' lang='lat' dir='ltr'><strong><em>Addendum</em></strong></span> <span class='ocrx_word' id='word_1_221' title='bbox 413 2220 538 2284; x_wconf 91' lang='lat' dir='ltr'><strong><em>paratur</em></strong></span> <span class='ocrx_word' id='word_1_222' title='bbox 556 2205 562 2293; x_wconf 89' lang='grc' dir='ltr'>Ι</span> <span class='ocrx_word' id='word_1_223' title='bbox 581 2220 717 2274; x_wconf 66' lang='lat' dir='ltr'><strong><em>llserous</em></strong></span> <span class='ocrx_word' id='word_1_224' title='bbox 732 2219 759 2268; x_wconf 87' lang='lat' dir='ltr'><strong><em>ct</em></strong></span> <span class='ocrx_word' id='word_1_225' title='bbox 772 2216 868 2283; x_wconf 85' lang='lat' dir='ltr'><strong><em>iusper</em></strong></span> <span class='ocrx_word' id='word_1_226' title='bbox 887 2205 894 2291; x_wconf 89' lang='grc' dir='ltr'>Ι</span> <span class='ocrx_word' id='word_1_227' title='bbox 913 2218 950 2272; x_wconf 86' lang='grc'>29</span> <span class='ocrx_word' id='word_1_228' title='bbox 961 2228 1022 2269; x_wconf 84' lang='lat' dir='ltr'><strong><em>sae·</em></strong></span> 
     </span>
     <span class='ocr_line' id='line_1_25' title="bbox 112 2290 887 2377; baseline 0 -27"><span class='ocrx_word' id='word_1_229' title='bbox 112 2296 216 2352; x_wconf 88' lang='lat' dir='ltr'><strong><em>leratus</em></strong></span> <span class='ocrx_word' id='word_1_230' title='bbox 231 2303 320 2353; x_wconf 85' lang='lat' dir='ltr'><strong><em>autem</em></strong></span> <span class='ocrx_word' id='word_1_231' title='bbox 336 2304 377 2353; x_wconf 90' lang='lat' dir='ltr'><strong><em>est</em></strong></span> <span class='ocrx_word' id='word_1_232' title='bbox 388 2313 438 2353; x_wconf 94' lang='lat' dir='ltr'><strong><em>suo</em></strong></span> <span class='ocrx_word' id='word_1_233' title='bbox 456 2290 462 2377; x_wconf 88' lang='grc' dir='ltr'>Ι</span> <span class='ocrx_word' id='word_1_234' title='bbox 486 2305 519 2358; x_wconf 84' lang='grc'>31</span> <span class='ocrx_word' id='word_1_235' title='bbox 536 2298 648 2369; x_wconf 87' lang='lat' dir='ltr'><strong><em>infamis</em></strong></span> <span class='ocrx_word' id='word_1_236' title='bbox 662 2303 752 2352; x_wconf 91' lang='lat' dir='ltr'><strong><em>autem</em></strong></span> <span class='ocrx_word' id='word_1_237' title='bbox 769 2311 887 2350; x_wconf 85' lang='lat' dir='ltr'><strong><em>socrum.</em></strong></span> 
     </span>
    </p>

    <p class='ocr_par' dir='ltr' id='par_1_6' title="bbox 108 2373 1024 3036">
     <span class='ocr_line' id='line_1_26' title="bbox 175 2373 1024 2460; baseline -0.004 -19"><span class='ocrx_word' id='word_1_238' title='bbox 175 2388 272 2450; x_wconf 82' lang='lat'>319,1</span> <span class='ocrx_word' id='word_1_239' title='bbox 290 2382 452 2437; x_wconf 77' lang='lat' dir='ltr'><strong><em>dissimilare</em></strong></span> <span class='ocrx_word' id='word_1_240' title='bbox 470 2381 476 2460; x_wconf 86' lang='grc' dir='ltr'>Ι</span> <span class='ocrx_word' id='word_1_241' title='bbox 495 2383 684 2436; x_wconf 87' lang='lat' dir='ltr'><strong><em>dissimilamus</em></strong></span> <span class='ocrx_word' id='word_1_242' title='bbox 702 2373 708 2456; x_wconf 90' lang='grc' dir='ltr'>Ι</span> <span class='ocrx_word' id='word_1_243' title='bbox 726 2385 742 2438; x_wconf 93' lang='grc'>7</span> <span class='ocrx_word' id='word_1_244' title='bbox 757 2379 905 2436; x_wconf 86' lang='lat' dir='ltr'><strong><em>cruborem</em></strong></span> <span class='ocrx_word' id='word_1_245' title='bbox 924 2373 930 2458; x_wconf 88' lang='grc' dir='ltr'>Ι</span> <span class='ocrx_word' id='word_1_246' title='bbox 950 2387 1024 2443; x_wconf 70' lang='lat' dir='ltr'><strong><em>sest</em></strong></span> 
     </span>
     <span class='ocr_line' id='line_1_27' title="bbox 111 2457 1023 2541; baseline 0.004 -24"><span class='ocrx_word' id='word_1_247' title='bbox 111 2479 141 2517; x_wconf 90' lang='lat' dir='ltr'><strong><em>eo</em></strong></span> <span class='ocrx_word' id='word_1_248' title='bbox 159 2465 233 2533; x_wconf 91' lang='lat' dir='ltr'><strong><em>quod</em></strong></span> <span class='ocrx_word' id='word_1_249' title='bbox 249 2457 254 2540; x_wconf 91' lang='grc' dir='ltr'>Ι</span> <span class='ocrx_word' id='word_1_250' title='bbox 275 2470 308 2521; x_wconf 83' lang='grc'>14</span> <span class='ocrx_word' id='word_1_251' title='bbox 320 2467 365 2519; x_wconf 89' lang='lat' dir='ltr'><strong><em>ine</em></strong></span> <span class='ocrx_word' id='word_1_252' title='bbox 384 2467 481 2519; x_wconf 91' lang='lat' dir='ltr'><strong><em>ceteris</em></strong></span> <span class='ocrx_word' id='word_1_253' title='bbox 499 2461 504 2541; x_wconf 91' lang='grc' dir='ltr'>Ι</span> <span class='ocrx_word' id='word_1_254' title='bbox 524 2473 556 2523; x_wconf 88' lang='lat'><strong><em>15</em></strong></span> <span class='ocrx_word' id='word_1_255' title='bbox 571 2465 690 2534; x_wconf 91' lang='lat' dir='ltr'><strong><em>inopiam</em></strong></span> <span class='ocrx_word' id='word_1_256' title='bbox 706 2466 850 2519; x_wconf 90' lang='lat' dir='ltr'><strong><em>multorum</em></strong></span> <span class='ocrx_word' id='word_1_257' title='bbox 865 2465 898 2518; x_wconf 88' lang='lat' dir='ltr'><strong><em>id</em></strong></span> <span class='ocrx_word' id='word_1_258' title='bbox 915 2458 920 2541; x_wconf 91' lang='grc' dir='ltr'>Ι</span> <span class='ocrx_word' id='word_1_259' title='bbox 941 2472 980 2526; x_wconf 87' lang='grc'>16</span> <span class='ocrx_word' id='word_1_260' title='bbox 994 2469 1023 2521; x_wconf 89' lang='lat' dir='ltr'><strong><em>in</em></strong></span> 
     </span>
     <span class='ocr_line' id='line_1_28' title="bbox 109 2538 1022 2626; baseline 0.01 -29"><span class='ocrx_word' id='word_1_261' title='bbox 109 2560 207 2599; x_wconf 88' lang='lat' dir='ltr'><strong><em>seusus</em></strong></span> <span class='ocrx_word' id='word_1_262' title='bbox 225 2538 230 2621; x_wconf 92' lang='grc' dir='ltr'>Ι</span> <span class='ocrx_word' id='word_1_263' title='bbox 250 2553 284 2605; x_wconf 86' lang='grc'>19</span> <span class='ocrx_word' id='word_1_264' title='bbox 299 2547 482 2602; x_wconf 87' lang='lat' dir='ltr'><strong><em>substractum</em></strong></span> <span class='ocrx_word' id='word_1_265' title='bbox 505 2540 510 2626; x_wconf 91' lang='grc' dir='ltr'>Ι</span> <span class='ocrx_word' id='word_1_266' title='bbox 533 2549 671 2602; x_wconf 89' lang='lat' dir='ltr'><strong><em>immincat</em></strong></span> <span class='ocrx_word' id='word_1_267' title='bbox 690 2540 694 2623; x_wconf 91' lang='grc' dir='ltr'>Ι</span> <span class='ocrx_word' id='word_1_268' title='bbox 713 2554 748 2605; x_wconf 91' lang='grc'><strong><em>20</em></strong></span> <span class='ocrx_word' id='word_1_269' title='bbox 767 2549 856 2602; x_wconf 86' lang='lat' dir='ltr'><strong><em>simitu</em></strong></span> <span class='ocrx_word' id='word_1_270' title='bbox 874 2548 1022 2608; x_wconf 76' lang='lat' dir='ltr'><strong><em>Arovalus</em></strong></span> 
     </span>
     <span class='ocr_line' id='line_1_29' title="bbox 109 2622 1021 2708; baseline 0.01 -28"><span class='ocrx_word' id='word_1_271' title='bbox 109 2643 161 2697; x_wconf 87' lang='lat' dir='ltr'><strong><em>pro</em></strong></span> <span class='ocrx_word' id='word_1_272' title='bbox 178 2628 312 2682; x_wconf 91' lang='lat' dir='ltr'><strong><em>similitum</em></strong></span> <span class='ocrx_word' id='word_1_273' title='bbox 332 2623 338 2703; x_wconf 92' lang='grc' dir='ltr'>Ι</span> <span class='ocrx_word' id='word_1_274' title='bbox 356 2636 390 2687; x_wconf 93' lang='grc'><strong><em>21</em></strong></span> <span class='ocrx_word' id='word_1_275' title='bbox 407 2632 542 2686; x_wconf 87' lang='lat' dir='ltr'><strong><em>similitum</em></strong></span> <span class='ocrx_word' id='word_1_276' title='bbox 558 2632 611 2686; x_wconf 90' lang='lat' dir='ltr'><strong><em>loci</em></strong></span> <span class='ocrx_word' id='word_1_277' title='bbox 628 2622 633 2708; x_wconf 91' lang='grc' dir='ltr'>Ι</span> <span class='ocrx_word' id='word_1_278' title='bbox 651 2636 685 2687; x_wconf 87' lang='grc'><strong><em>22</em></strong></span> <span class='ocrx_word' id='word_1_279' title='bbox 701 2637 840 2704; x_wconf 84' lang='lat' dir='ltr'><strong><em>tamquam</em></strong></span> <span class='ocrx_word' id='word_1_280' title='bbox 853 2633 999 2689; x_wconf 82' lang='lat' dir='ltr'><strong><em>similitum</em></strong></span> <span class='ocrx_word' id='word_1_281' title='bbox 1015 2626 1021 2708; x_wconf 92' lang='grc' dir='ltr'>Ι</span> 
     </span>
     <span class='ocr_line' id='line_1_30' title="bbox 109 2707 1022 2793; baseline 0.013 -30"><span class='ocrx_word' id='word_1_282' title='bbox 109 2714 144 2765; x_wconf 83' lang='grc'>24</span> <span class='ocrx_word' id='word_1_283' title='bbox 156 2715 322 2765; x_wconf 88' lang='lat' dir='ltr'><strong><em>monstrator</em></strong></span> <span class='ocrx_word' id='word_1_284' title='bbox 333 2717 475 2784; x_wconf 88' lang='lat' dir='ltr'><strong><em>sanquiuis</em></strong></span> <span class='ocrx_word' id='word_1_285' title='bbox 493 2708 498 2791; x_wconf 88' lang='grc' dir='ltr'>Ι</span> <span class='ocrx_word' id='word_1_286' title='bbox 517 2721 550 2774; x_wconf 88' lang='grc'>25</span> <span class='ocrx_word' id='word_1_287' title='bbox 561 2716 609 2784; x_wconf 90' lang='lat' dir='ltr'><strong><em>qui</em></strong></span> <span class='ocrx_word' id='word_1_288' title='bbox 616 2716 689 2786; x_wconf 91' lang='lat' dir='ltr'><strong><em>quod</em></strong></span> <span class='ocrx_word' id='word_1_289' title='bbox 701 2716 763 2770; x_wconf 86' lang='lat' dir='ltr'><strong><em>dicit</em></strong></span> <span class='ocrx_word' id='word_1_290' title='bbox 780 2707 785 2793; x_wconf 90' lang='grc' dir='ltr'>Ι</span> <span class='ocrx_word' id='word_1_291' title='bbox 804 2722 838 2775; x_wconf 86' lang='grc'>29</span> <span class='ocrx_word' id='word_1_292' title='bbox 849 2717 1001 2774; x_wconf 82' lang='lat' dir='ltr'><strong><em>uoluntatis</em></strong></span> <span class='ocrx_word' id='word_1_293' title='bbox 1015 2720 1022 2783; x_wconf 92' lang='grc' dir='ltr'>Ι</span> 
     </span>
     <span class='ocr_line' id='line_1_31' title="bbox 109 2792 1021 2877; baseline 0.01 -29"><span class='ocrx_word' id='word_1_294' title='bbox 109 2797 143 2848; x_wconf 89' lang='grc'>30</span> <span class='ocrx_word' id='word_1_295' title='bbox 157 2797 267 2863; x_wconf 79' lang='lat' dir='ltr'><strong><em>terpora</em></strong></span> <span class='ocrx_word' id='word_1_296' title='bbox 281 2824 316 2834; x_wconf 95' lang='lat'><em>-</em></span> <span class='ocrx_word' id='word_1_297' title='bbox 329 2796 443 2851; x_wconf 81' lang='lat' dir='ltr'><strong><em>bominis</em></strong></span> <span class='ocrx_word' id='word_1_298' title='bbox 464 2799 563 2853; x_wconf 81' lang='lat' dir='ltr'><strong><em>shsunl</em></strong></span> <span class='ocrx_word' id='word_1_299' title='bbox 578 2799 611 2853; x_wconf 80' lang='lat' dir='ltr'><strong><em>ah</em></strong></span> <span class='ocrx_word' id='word_1_300' title='bbox 630 2801 792 2872; x_wconf 80' lang='lat' dir='ltr'><strong><em>apographo</em></strong></span> <span class='ocrx_word' id='word_1_301' title='bbox 810 2800 999 2859; x_wconf 82' lang='lat' dir='ltr'><strong><em>Diibneriono</em></strong></span> <span class='ocrx_word' id='word_1_302' title='bbox 1016 2792 1021 2877; x_wconf 91' lang='grc' dir='ltr'>Ι</span> 
     </span>
     <span class='ocr_line' id='line_1_32' title="bbox 109 2874 1021 2956; baseline 0.01 -24"><span class='ocrx_word' id='word_1_303' title='bbox 109 2880 141 2932; x_wconf 91' lang='grc'><strong><em>31</em></strong></span> <span class='ocrx_word' id='word_1_304' title='bbox 158 2880 184 2927; x_wconf 88' lang='lat' dir='ltr'><strong><em>et</em></strong></span> <span class='ocrx_word' id='word_1_305' title='bbox 197 2882 275 2947; x_wconf 85' lang='lat' dir='ltr'><strong><em>terqu</em></strong></span> <span class='ocrx_word' id='word_1_306' title='bbox 292 2882 418 2934; x_wconf 89' lang='lat' dir='ltr'><strong><em>animalis</em></strong></span> <span class='ocrx_word' id='word_1_307' title='bbox 438 2874 442 2956; x_wconf 91' lang='grc' dir='ltr'>Ι</span> <span class='ocrx_word' id='word_1_308' title='bbox 461 2888 495 2940; x_wconf 89' lang='grc'><strong><em>33</em></strong></span> <span class='ocrx_word' id='word_1_309' title='bbox 508 2882 576 2936; x_wconf 86' lang='lat' dir='ltr'><strong><em>Tum</em></strong></span> <span class='ocrx_word' id='word_1_310' title='bbox 594 2887 619 2936; x_wconf 89' lang='lat' dir='ltr'><strong><em>et</em></strong></span> <span class='ocrx_word' id='word_1_311' title='bbox 629 2888 684 2940; x_wconf 89' lang='lat' dir='ltr'><strong><em>tur.</em></strong></span> <span class='ocrx_word' id='word_1_312' title='bbox 701 2890 757 2938; x_wconf 87' lang='lat' dir='ltr'><strong><em>tum</em></strong></span> <span class='ocrx_word' id='word_1_313' title='bbox 771 2884 875 2938; x_wconf 88' lang='lat' dir='ltr'><strong><em>ordinis</em></strong></span> <span class='ocrx_word' id='word_1_314' title='bbox 888 2881 985 2956; x_wconf 70' lang='lat' dir='ltr'><strong><em>siqn&#39;if</em></strong></span> <span class='ocrx_word' id='word_1_315' title='bbox 993 2881 1021 2941; x_wconf 71' lang='grc' dir='ltr'>ἴ</span> 
     </span>
     <span class='ocr_line' id='line_1_33' title="bbox 108 2954 579 3036; baseline 0 -16"><span class='ocrx_word' id='word_1_316' title='bbox 108 2960 238 3026; x_wconf 65' lang='lat' dir='ltr'><strong><em>&#39;emporis</em></strong></span> <span class='ocrx_word' id='word_1_317' title='bbox 256 2954 261 3036; x_wconf 99' lang='grc' dir='ltr'>Ι</span> <span class='ocrx_word' id='word_1_318' title='bbox 280 2967 313 3020; x_wconf 85' lang='grc'>37</span> <span class='ocrx_word' id='word_1_319' title='bbox 330 2961 406 3017; x_wconf 81' lang='lat' dir='ltr'><strong><em>unb&#39;</em></strong></span> <span class='ocrx_word' id='word_1_320' title='bbox 421 2967 579 3035; x_wconf 85' lang='lat' dir='ltr'><strong><em>accipimus.</em></strong></span> 
     </span>
    </p>

    <p class='ocr_par' dir='ltr' id='par_1_7' title="bbox 108 3045 1023 3298">
     <span class='ocr_line' id='line_1_34' title="bbox 171 3045 1020 3132; baseline 0.006 -31"><span class='ocrx_word' id='word_1_321' title='bbox 171 3047 239 3112; x_wconf 87' lang='grc'>320,</span> <span class='ocrx_word' id='word_1_322' title='bbox 254 3050 271 3103; x_wconf 89' lang='grc'><strong>6</strong></span> <span class='ocrx_word' id='word_1_323' title='bbox 286 3047 370 3101; x_wconf 84' lang='lat' dir='ltr'><strong><em>uades</em></strong></span> <span class='ocrx_word' id='word_1_324' title='bbox 386 3049 434 3119; x_wconf 84' lang='lat' dir='ltr'><strong><em>qui</em></strong></span> <span class='ocrx_word' id='word_1_325' title='bbox 448 3063 498 3103; x_wconf 87' lang='lat' dir='ltr'><strong><em>aas</em></strong></span> <span class='ocrx_word' id='word_1_326' title='bbox 512 3051 601 3121; x_wconf 87' lang='lat' dir='ltr'><strong><em>ipsum</em></strong></span> <span class='ocrx_word' id='word_1_327' title='bbox 613 3054 661 3107; x_wconf 92' lang='lat' dir='ltr'><strong><em>aut</em></strong></span> <span class='ocrx_word' id='word_1_328' title='bbox 674 3053 741 3108; x_wconf 87' lang='lat' dir='ltr'><strong><em>aliut</em></strong></span> <span class='ocrx_word' id='word_1_329' title='bbox 758 3045 763 3130; x_wconf 92' lang='grc' dir='ltr'>Ι</span> <span class='ocrx_word' id='word_1_330' title='bbox 782 3051 933 3122; x_wconf 80' lang='lat' dir='ltr'><strong><em>sspraedes</em></strong></span> <span class='ocrx_word' id='word_1_331' title='bbox 947 3049 1020 3132; x_wconf 68' lang='lat' dir='ltr'><strong><em>quil</em></strong></span> 
     </span>
     <span class='ocr_line' id='line_1_35' title="bbox 108 3128 1023 3208; baseline 0.013 -26"><span class='ocrx_word' id='word_1_332' title='bbox 108 3129 249 3199; x_wconf 86' lang='lat' dir='ltr'><strong><em>praesenti</em></strong></span> <span class='ocrx_word' id='word_1_333' title='bbox 262 3128 298 3183; x_wconf 89' lang='lat' dir='ltr'><strong><em>du</em></strong></span> <span class='ocrx_word' id='word_1_334' title='bbox 313 3136 339 3182; x_wconf 88' lang='lat' dir='ltr'><strong><em>et</em></strong></span> <span class='ocrx_word' id='word_1_335' title='bbox 351 3132 421 3184; x_wconf 89' lang='lat' dir='ltr'><strong><em>idem</em></strong></span> <span class='ocrx_word' id='word_1_336' title='bbox 438 3133 487 3186; x_wconf 93' lang='lat' dir='ltr'><strong><em>dat</em></strong></span> <span class='ocrx_word' id='word_1_337' title='bbox 503 3133 508 3205; x_wconf 95' lang='grc' dir='ltr'>Ι</span> <span class='ocrx_word' id='word_1_338' title='bbox 529 3140 561 3191; x_wconf 92' lang='grc'><strong><em>12</em></strong></span> <span class='ocrx_word' id='word_1_339' title='bbox 578 3137 699 3191; x_wconf 91' lang='lat' dir='ltr'><strong><em>umidum</em></strong></span> <span class='ocrx_word' id='word_1_340' title='bbox 712 3141 827 3208; x_wconf 90' lang='lat' dir='ltr'><strong><em>ponitur</em></strong></span> <span class='ocrx_word' id='word_1_341' title='bbox 841 3133 980 3206; x_wconf 79' lang='lat' dir='ltr'><strong><em>infectum</em></strong></span> <span class='ocrx_word' id='word_1_342' title='bbox 995 3145 1023 3194; x_wconf 91' lang='lat' dir='ltr'><strong><em>et</em></strong></span> 
     </span>
     <span class='ocr_line' id='line_1_36' title="bbox 120 3205 1022 3298; baseline 0.012 -30"><span class='ocrx_word' id='word_1_343' title='bbox 120 3213 245 3269; x_wconf 74' lang='lat' dir='ltr'><strong><em>mutuum</em></strong></span> <span class='ocrx_word' id='word_1_344' title='bbox 265 3205 271 3289; x_wconf 94' lang='grc' dir='ltr'>Ι</span> <span class='ocrx_word' id='word_1_345' title='bbox 291 3218 324 3272; x_wconf 90' lang='grc'>13</span> <span class='ocrx_word' id='word_1_346' title='bbox 347 3231 364 3267; x_wconf 91' lang='lat' dir='ltr'><strong><em>a</em></strong></span> <span class='ocrx_word' id='word_1_347' title='bbox 390 3217 507 3271; x_wconf 88' lang='lat' dir='ltr'><strong><em>medium</em></strong></span> <span class='ocrx_word' id='word_1_348' title='bbox 526 3210 531 3294; x_wconf 95' lang='grc' dir='ltr'>Ι</span> <span class='ocrx_word' id='word_1_349' title='bbox 552 3223 583 3277; x_wconf 89' lang='grc'><strong><em>17</em></strong></span> <span class='ocrx_word' id='word_1_350' title='bbox 611 3221 658 3276; x_wconf 83' lang='lat' dir='ltr'><strong><em>Vis</em></strong></span> <span class='ocrx_word' id='word_1_351' title='bbox 679 3223 751 3277; x_wconf 81' lang='lat' dir='ltr'><strong><em>uires</em></strong></span> <span class='ocrx_word' id='word_1_352' title='bbox 769 3213 774 3298; x_wconf 92' lang='grc' dir='ltr'>Ι</span> <span class='ocrx_word' id='word_1_353' title='bbox 793 3225 826 3279; x_wconf 92' lang='grc'>21</span> <span class='ocrx_word' id='word_1_354' title='bbox 849 3218 975 3277; x_wconf 85' lang='lat' dir='ltr'><strong><em>Verecor</em></strong></span> <span class='ocrx_word' id='word_1_355' title='bbox 994 3225 1022 3279; x_wconf 78' lang='lat' dir='ltr'><strong><em>ct</em></strong></span> 
     </span>
    </p>
   </div>
   <div class='ocr_carea' id='block_1_3' title="bbox 116 3292 1019 3532">
    <p class='ocr_par' dir='ltr' id='par_1_8' title="bbox 116 3292 1019 3532">
     <span class='ocr_line' id='line_1_37' title="bbox 116 3292 1019 3382; baseline 0.008 -26"><span class='ocrx_word' id='word_1_356' title='bbox 116 3311 252 3356; x_wconf 71' lang='lat' dir='ltr'><strong><em>‘merebor</em></strong></span> <span class='ocrx_word' id='word_1_357' title='bbox 273 3296 317 3353; x_wconf 89' lang='lat' dir='ltr'><strong><em>bis</em></strong></span> <span class='ocrx_word' id='word_1_358' title='bbox 336 3292 341 3372; x_wconf 91' lang='grc' dir='ltr'>Ι</span> <span class='ocrx_word' id='word_1_359' title='bbox 361 3302 396 3357; x_wconf 88' lang='grc'>23</span> <span class='ocrx_word' id='word_1_360' title='bbox 411 3302 501 3372; x_wconf 84' lang='lat' dir='ltr'><strong><em>plaqa</em></strong></span> <span class='ocrx_word' id='word_1_361' title='bbox 519 3295 524 3380; x_wconf 88' lang='grc' dir='ltr'>Ι</span> <span class='ocrx_word' id='word_1_362' title='bbox 542 3307 609 3356; x_wconf 60' lang='lat' dir='ltr'><strong><em>crii‘</em></strong></span> <span class='ocrx_word' id='word_1_363' title='bbox 651 3311 684 3352; x_wconf 68' lang='grc'>25</span> <span class='ocrx_word' id='word_1_364' title='bbox 697 3305 785 3375; x_wconf 85' lang='lat' dir='ltr'><strong><em>plaqa</em></strong></span> <span class='ocrx_word' id='word_1_365' title='bbox 802 3295 809 3382; x_wconf 87' lang='grc' dir='ltr'>Ι</span> <span class='ocrx_word' id='word_1_366' title='bbox 827 3308 860 3362; x_wconf 91' lang='grc'>27</span> <span class='ocrx_word' id='word_1_367' title='bbox 880 3301 1019 3377; x_wconf 84' lang='lat' dir='ltr'><strong><em>Volupta-</em></strong></span> 
     </span>
     <span class='ocr_line' id='line_1_38' title="bbox 117 3383 1019 3532; baseline 0.012 -98"><span class='ocrx_word' id='word_1_368' title='bbox 117 3383 391 3532; x_wconf 42' lang='lat' dir='ltr'><strong><em>‘misfflffipiw</em></strong></span> <span class='ocrx_word' id='word_1_369' title='bbox 428 3386 544 3424; x_wconf 63' lang='lat' dir='ltr'><strong><em>”⁶¹qu</em></strong></span> <span class='ocrx_word' id='word_1_370' title='bbox 692 3388 720 3424; x_wconf 63' lang='lat'><strong><em>*¹³</em></strong></span> <span class='ocrx_word' id='word_1_371' title='bbox 740 3387 879 3442; x_wconf 47' lang='lat' dir='ltr'><strong><em>”bobinus</em></strong></span> <span class='ocrx_word' id='word_1_372' title='bbox 897 3383 1019 3468; x_wconf 64' lang='lat' dir='ltr'><strong><em>modis}</em></strong></span> 
     </span>
    </p>
   </div>
   <div class='ocr_carea' id='block_1_4' title="bbox 0 0 1172 3870">
    <p class='ocr_par' dir='ltr' id='par_1_9' title="bbox 0 0 1172 3870">
     <span class='ocr_line' id='line_1_39' title="bbox 0 0 1172 3870; baseline 0 2"><span class='ocrx_word' id='word_1_373' title='bbox 0 0 1172 3870; x_wconf 95' lang='lat' dir='ltr'><strong><em> </em></strong></span> 
     </span>
    </p>
   </div>
  </div>
 </body>
</html>
