2286 3862
131 194 171 254 50
218 202 247 250 c.
265 198 414 249 semrom
429 195 556 256 ummo.
574 195 621 243 oe
635 193 719 243 vm
735 191 936 243 consanum
951 194 1030 245 nne.
1043 196 1078 245 11.

130 358 222 438 tiplioi
238 355 372 434 flagravit
392 354 508 414 invidia.
549 349 623 411 llam
645 359 674 411 et
688 350 833 411 Pinarium
856 350 1004 429 equitem
1020 352 1060 415 ll.
1082 370 1127 431 osq

131 442 316 504 contionante
329 457 362 499 se
375 438 499 499 admissa
511 434 594 495 turba
606 452 796 514 paganorum,
810 432 894 515 apud
905 434 1025 499 milites
1034 436 1126 499 misai

129 527 200 587 bere
218 524 358 606 quaedam
373 521 640 595 animadvertisset,
656 520 801 581 curiosum
813 536 849 579 ao
865 520 1125 599 speculatorem

129 622 192 689 tus,
216 628 315 670 coram
337 606 455 668 confodi
474 606 641 684 imperarit;
666 613 696 665 at
718 604 840 665 Tedium
862 603 981 665 Atrum
1010 606 1122 669 consuls

129 697 327 772 designatum,
356 693 421 770 quia
444 690 550 751 lactum
573 689 715 768 quoddam
740 706 822 750 sunm
847 689 996 769 maligno
1023 709 1116 753 sermo

130 781 305 859 carpsisset,
323 776 410 836 tantis
427 774 585 837 conterruit
600 774 694 852 minis,
710 782 740 833 ut
754 774 780 833 is
792 790 826 834 se
839 775 1117 855 praecipitaverint

129 865 263 938 Quintum
285 860 406 922 Gallium
431 869 614 941 praetorem,
638 859 666 919 in
688 858 787 919 oliioio
809 857 1014 923 salutationis
1036 860 1118 923 mort

129 946 261 1027 duplices
278 955 360 1006 veste
377 955 470 1007 tectas
486 953 648 1022 terrentem,
664 944 829 1022 suspicatus
843 941 991 1020 gladium
1009 946 1118 1009 occultu

127 1031 353 1111 necquidquam
370 1032 478 1108 statim,
500 1048 536 1089 ne
563 1028 639 1089 aliud
655 1028 849 1105 inveniretur,
874 1045 976 1091 ansus
997 1032 1115 1111 inqulret

128 1117 215 1197 paulo
232 1124 300 1195 post
314 1133 367 1192 per
383 1114 567 1173 centuriones
584 1122 613 1173 et
629 1112 734 1174 milites
749 1120 865 1192 raptum
883 1130 904 1172 e
919 1113 1078 1195 tribunali,

127 1201 213 1261 vilem
231 1201 258 1257 irr
279 1197 393 1257 modum
414 1198 499 1257 torsit
522 1215 556 1258 ac
571 1196 711 1257 latentem
733 1196 802 1257 nibil
824 1197 916 1258 iussit
932 1199 1057 1281 occidi,
1077 1199 1107 1281 p'

128 1284 221 1345 oculis
237 1283 299 1342 eius
319 1300 370 1342 sua
384 1300 468 1342 manu
485 1281 617 1353 effossis3
642 1301 727 1362 quem
747 1290 843 1341 tamen
858 1282 977 1345 scribit
995 1284 1120 1365 conloqn'

127 1368 218 1449 petito
241 1365 405 1427 insidiatum
426 1366 481 1426 sibi
503 1368 725 1447 coniectumque
744 1384 761 1426 a
783 1383 817 1425 se
838 1366 869 1426 in
889 1366 1120 1447 custodiendo

20 1512 24 1519 ,
127 1452 193 1513 irrde
213 1451 285 1513 urba
307 1450 458 1513 interdicta
484 1451 646 1529 dimissum,
668 1450 821 1528 naufragio
844 1450 897 1510 rel
916 1451 1121 1517 latronumiui

127 1537 182 1598 diis
200 1537 324 1617 perisse.
363 1536 558 1599 'tribuniciam
579 1545 754 1616 potestatem
768 1543 953 1614 perpetuam
973 1538 1122 1621 recepit,'r

127 1639 182 1700 qua
200 1622 291 1683 semel
307 1631 395 1701 atque
409 1623 512 1683 iterum
536 1639 589 1700 per
607 1620 721 1699 singula
743 1619 834 1680 lustra
851 1619 1022 1701 collegam
1037 1624 1122 1685 sibicr

100 1724 103 1729 ·
127 1708 248 1787 optavit.
282 1706 408 1785 Recepit
424 1714 453 1766 et
468 1722 579 1765 morum
595 1705 751 1786 legumque
765 1703 903 1781 regimen
922 1722 1034 1789 aeque
1050 1722 1122 1791 perp

126 1799 219 1865 tuum,
242 1807 299 1867 quo
323 1789 402 1867 iure,
430 1806 602 1869 quamquam
624 1790 687 1851 sine
704 1806 844 1851 censurae
861 1787 1013 1872 honore,
1040 1806 1123 1856 cett!

126 1883 221 1934 tamen
238 1871 340 1954 populi
354 1880 400 1935 ter
415 1874 491 1952 egit:
515 1876 635 1953 primum
650 1893 685 1935 ao
706 1874 820 1935 tertium
836 1891 904 1935 cum
921 1876 1073 1959 collega,
1089 1892 1122 1937 nt

126 1956 201 2021 dium
217 1960 307 2019 solus.

85 2055 119 2109 oe
198 2043 242 2103 De
260 2042 407 2103 reddenda
423 2061 456 2103 re
469 2060 498 2122 p.
515 2043 560 2104 bis
574 2045 727 2123 cogitavit:
745 2044 866 2123 primum
879 2054 957 2124 post
971 2062 1124 2131 oppress!

134 2128 228 2188 statim
243 2127 415 2205 Antonium,
431 2144 541 2189 memor
557 2128 701 2191 obiectum
717 2128 771 2189 sibi
788 2127 824 2189 ab
840 2145 878 2190 eo
896 2134 1049 2213 saepius,
1071 2130 1124 2213 qud

127 2215 289 2292 peripsum
307 2221 398 2273 staret
419 2232 456 2273 ne
479 2213 664 2287 redderetur;
687 2233 722 2275 ac
745 2231 844 2274 rursus
865 2213 975 2278 taedio
1002 2217 1125 2281 diutmu

125 2297 306 2374 valitudinis,
330 2316 393 2358 oum
415 2300 501 2359 etiam
515 2300 730 2376 magistratibus
751 2316 787 2357 ac
808 2306 913 2359 senatu
928 2300 1061 2365 domum
1074 2300 1125 2365 sct'r

125 2382 161 2440 tis
177 2384 363 2443 rationarium
378 2385 491 2462 imperii
506 2383 629 2444 tradidit.
657 2382 716 2445 Sed
730 2391 884 2462 reputans,
903 2392 934 2444 et
953 2391 1126 2468 reprimi·

125 2482 183 2524 nou
202 2468 263 2526 sine
280 2468 413 2546 periculo
429 2468 494 2527 lore
510 2477 539 2527 et
556 2468 634 2529 illam
651 2469 773 2547 plurium
788 2466 910 2528 arbitrio
926 2476 1057 2535 temero
1073 2488 1126 2535 co}

123 2550 212 2626 mitti,
230 2552 259 2610 irr
277 2551 427 2612 retinenda
442 2554 658 2631 perseveravit,
675 2552 806 2629 dubium,
830 2561 941 2613 eventu
966 2557 1127 2621 meliorem

124 2633 284 2694 voluntate.
317 2635 408 2710 Quam
423 2637 614 2714 voluntatem,
637 2655 700 2697 cum
716 2653 786 2716 prae
808 2655 840 2696 se
858 2634 1032 2703 identidem
1050 2643 1127 2711 iered

126 2716 250 2796 quodam
267 2718 352 2779 etiam
364 2720 460 2780 edicto
476 2719 520 2780 his
536 2721 634 2782 verbis
647 2732 768 2783 testatus
784 2730 846 2781 est:
862 2716 1128 2790 tramitesque

126 2819 165 2862 uc
187 2804 334 2881 sospitem
350 2822 415 2864 rem
429 2823 462 2883 p.
484 2805 594 2866 cistere
613 2807 646 2868 iri
664 2805 813 2867 consede
829 2804 939 2883 liceat,
961 2818 1067 2893 atquo
1084 2810 1135 2873 sisu

125 2887 172 2946 rei
183 2884 318 2964 fructum
330 2888 511 2967 percipere,
530 2908 616 2970 quem
628 2898 716 2969 peto,
733 2897 767 2951 ut
782 2890 889 2969 optimi
904 2897 1023 2957 riatur
1039 2900 1129 2959 aucbt

126 2970 231 3049 dicor,
248 2977 277 3033 et
290 2974 425 3034 morieris
439 2982 473 3035 ut
485 2972 588 3051 ferum
602 2994 718 3037 meeum
733 2992 835 3055 opero,
858 2992 1027 3043 maneum
1044 2974 1083 3045 ‘irs
1095 2996 1129 3043 ot

124 3056 215 3136 otipio
235 3074 292 3117 suo
312 3056 519 3135 fondamento
540 3060 588 3120 rei
604 3078 635 3138 p.
660 3078 740 3139 quoe
761 3060 872 3120 iecero.
908 3059 1068 3146 Fecitqne
1082 3068 1130 3147 ips

125 3158 158 3200 se
175 3148 338 3220 compotem
361 3145 438 3220 voti,
460 3146 539 3203 nisus
562 3146 756 3222 omnimodo,
778 3163 815 3204 ue
838 3161 924 3222 quem
949 3153 1030 3211 novi
1055 3158 1130 3213 muts

126 3227 297 3302 paeniteret.
1132 3248 1135 3291 ι

190 3310 314 3390 Urbem,
330 3328 424 3390 neque
441 3328 494 3391 pro
512 3314 661 3375 maiestate
683 3316 796 3393 imperii
819 3322 949 3376 ornatam
969 3330 1004 3380 et
1023 3318 1130 3383 inundr

124 3393 252 3455 tionibus
275 3395 473 3476 incendiisque
495 3397 665 3477 obnoxiam,
689 3400 818 3460 excoluit
839 3399 931 3479 adeo,
954 3411 991 3464 ut
1016 3403 1131 3467 iurosl

124 3477 281 3560 gloriatus,
297 3497 504 3544 marmoreum
523 3501 558 3544 oe
571 3482 760 3564 relinquere,
778 3501 869 3563 prtum
885 3484 1074 3551 latericiam
1088 3504 1129 3551 ot·
