2286 3862
106 164 165 225 176
196 173 225 223 c.
243 173 394 222 sunrour
410 172 536 231 ranno.
552 172 599 218 nn
616 171 700 218 vura
716 170 901 219 causamur
915 170 992 221 uma.
1010 172 1062 222 vr.

105 328 282 404 cohortibus,
305 326 395 386 curuli
418 325 549 385 residens
571 326 646 406 apud
663 334 760 387 rostra
774 324 980 406 triumphantis
1002 327 1112 409 habitu,

103 415 282 489 intersigna
303 411 435 470 militaria
458 418 543 488 atque
564 409 687 479 vexilla;
716 419 745 469 et
768 412 861 489 primo
883 428 942 489 per
967 412 1112 475 devexum

103 497 244 578 pulpitum
252 496 420 556 subeuntem
430 493 540 554 admisit
549 493 583 553 ad
591 512 687 571 genua
695 493 920 572 adlevatumque
928 494 1036 559 dextra
1044 515 1110 559 exo·

104 581 232 641 sculatus
254 590 314 655 est,
338 577 404 637 dein
426 580 557 656 precanti
576 579 648 638 tiara
670 577 793 638 deducta
815 577 952 641 diadema
972 582 1108 661 inposuit,

102 665 193 726 verba
217 664 359 745 supplicis
380 664 568 740 interpretata
591 663 741 740 praetorio
761 662 826 721 viro
848 662 1020 725 mulnmltut
1036 682 1126 745 pro-s

103 752 263 817 nuntiante;
287 745 456 825 perductum
470 745 538 805 inde
552 749 580 805 in
595 746 736 806 theatrum
760 763 794 806 ac
816 764 922 807 rursus
945 748 1098 829 supplican-

103 843 161 893 tem
177 834 255 891 iuxta
271 849 303 890 se
320 830 412 891 latere
434 830 536 890 dextro
559 830 734 890 conlocavit.
779 829 824 889 Ob
849 848 927 911 quae
952 832 1104 913 imperator

62 931 97 986 14
106 915 311 992 consalutatus,
328 914 428 975 laurea
443 916 471 973 in
489 913 661 993 Capitolium
676 914 744 992 lata,
759 912 858 973 lanum
872 916 1025 993 geminum
1035 916 1106 979 clau·

104 1003 151 1078 sit,
167 1009 224 1059 tam
240 1000 319 1059 nullo
335 1018 419 1078 quam
436 998 553 1058 residuo
568 998 657 1059 bello.

168 1083 341 1145 Consulatus
356 1091 490 1161 quattuor
503 1083 615 1158 gessit:
631 1084 751 1160 primum
775 1081 983 1163 bimenstrem,
1009 1102 1105 1146 secun·
1115 1097 1134 1138 u

106 1169 170 1229 dum
187 1178 216 1227 et
230 1169 415 1226 novissimum
431 1175 618 1242 semenstres,
634 1167 748 1226 tertium
759 1165 1040 1246 quadrimenstrem
1054 1188 1107 1230 me·

104 1253 169 1311 dios
191 1250 261 1310 duos
284 1250 475 1326 continuavit,
502 1249 631 1328 reliquos
650 1251 726 1310 inter
746 1268 838 1311 annua
859 1253 955 1330 spatia
977 1254 1106 1315 variavit.

62 1335 137 1402 151n
153 1336 223 1394 iuris
240 1334 366 1394 dictione
381 1334 623 1413 postulatoribus,
638 1336 692 1393 nisi
707 1335 839 1413 sequenti
855 1334 903 1395 dic
913 1354 948 1397 ac
959 1354 1018 1416 per
1029 1337 1107 1397 libel·

104 1422 162 1496 los,
178 1437 235 1479 non
253 1429 363 1478 temere
378 1418 537 1498 respondit.
575 1418 780 1496 Cognoscendi
795 1435 906 1479 morem
923 1438 993 1481 eum
1010 1422 1106 1498 tenuit,

105 1515 135 1565 ut
152 1505 294 1564 continuis
311 1503 473 1563 actionibus
489 1505 603 1564 omissis
619 1503 785 1580 singillatim
801 1521 936 1582 quaeque
951 1523 1011 1585 per
1030 1507 1133 1567 riccsu

106 1598 217 1668 ageret.
264 1590 405 1663 Quotiens
423 1597 516 1648 autem
533 1589 569 1648 ad
584 1586 800 1648 consultandum
815 1587 992 1668 secederet,
1015 1608 1108 1671 neque

105 1676 133 1733 in
150 1691 299 1733 commune
316 1675 469 1750 quicquam
485 1691 580 1751 neque
604 1671 756 1751 propalam
777 1671 980 1751 deliberabat,
1010 1674 1063 1735 sed
1082 1682 1109 1735 ct

107 1760 288 1838 conscriptas
317 1756 353 1816 ab
384 1775 440 1816 uno
470 1774 588 1835 quoque
615 1758 772 1816 sententias
798 1756 903 1817 tacitus
931 1776 968 1818 ac
993 1768 1107 1820 secreto

104 1844 219 1919 legens,
241 1841 318 1921 quod
333 1842 389 1921 ipsi
405 1840 535 1900 libuisset
551 1839 673 1919 perinde
690 1849 776 1919 atque
792 1839 923 1919 pluribus
938 1840 1020 1903 idem
1032 1842 1106 1905 ride·

104 1934 186 1985 retur
202 1925 413 2005 pronuntiabat.
1113 1950 1132 1991 η

168 2008 200 2067 ln
216 2011 323 2069 curiam
336 2009 534 2069 libertinorum
552 2008 629 2068 filios
646 2008 692 2068 diu
707 2026 765 2069 uon
789 2008 913 2079 admisit;
939 2009 1079 2071 admissis
1093 2028 1108 2069 a

105 2093 252 2172 prioribus
280 2093 460 2173 principibus
481 2092 609 2152 bonores
634 2094 799 2171 denegavit.
844 2092 1042 2175 Candidatus,
1064 2094 1107 2174 qui

106 2196 193 2256 supra
207 2196 354 2237 numerum
370 2186 478 2254 essent,
495 2177 523 2235 iu
539 2177 672 2237 solatium
688 2176 832 2237 dilationis
849 2196 883 2238 ac
898 2195 1003 2240 morae
1020 2180 1106 2259 legio

105 2263 189 2322 nibus
206 2263 383 2342 praeposuit.
429 2260 615 2321 Consulatum
638 2264 666 2320 in
690 2279 778 2320 senos
799 2260 972 2341 plemmque
992 2280 1106 2325 meuses

106 2347 193 2408 dedit.
223 2346 426 2424 Defunctoque
443 2347 521 2405 circa
537 2346 583 2405 Kl.
598 2346 657 2406 lau.
677 2345 770 2405 altero
787 2364 803 2405 e
823 2346 1005 2426 consulibus,
1021 2348 1131 2410 nemi-u

104 2450 171 2491 nem
187 2430 339 2507 substituit,
355 2429 523 2509 improbans
539 2430 703 2510 exemplum
721 2439 805 2490 vetus
821 2428 921 2491 Canini
936 2431 1039 2493 Rebili
1053 2447 1106 2492 uno

106 2516 152 2575 die
168 2515 305 2574 consulis.
335 2514 529 2594 Triumphalia
542 2523 708 2574 ornamenta
721 2517 806 2574 etiam
819 2516 1007 2594 quaestoriae
1019 2516 1106 2597 digni·

106 2600 173 2659 tatis
189 2608 217 2658 et
234 2598 381 2658 nonnullis
405 2617 443 2657 ex
459 2601 588 2675 equestri
609 2598 709 2657 ordine
732 2598 846 2675 tribuit,
867 2617 923 2659 uec
946 2601 1052 2681 utique
1073 2598 1106 2661 dc

107 2700 193 2742 causa
217 2683 339 2742 militari.
382 2681 426 2741 De
450 2681 617 2760 quibusdam
638 2682 725 2742 rebus
746 2683 894 2742 orationes
914 2682 952 2744 ad
977 2693 1107 2746 senatum

106 2767 225 2843 missas,
241 2767 401 2846 praeterito
420 2767 582 2844 quaestoris
600 2767 715 2843 officio,
734 2785 789 2845 per
804 2767 952 2826 consulem
980 2768 1131 2848 plerum-³l

63 2867 98 2922 1⁶
107 2866 163 2926 que
179 2850 329 2909 recitabat.
373 2849 506 2910 Formam
523 2849 718 2912 aedificiorum
735 2850 815 2910 urbis
832 2868 936 2911 novam
955 2856 1105 2933 excogita·

105 2935 155 3009 uit,
173 2942 201 2992 et
214 2943 244 2993 ut
261 2943 326 2995 ante
341 2934 449 2994 insulas
463 2953 498 2995 ac
518 2934 618 2996 domos
640 2936 770 3015 porticus
790 2945 904 3013 esseut,
928 2935 964 2996 de
988 2954 1107 3017 quarum

106 3017 221 3078 solariis
250 3019 381 3079 incendia
416 3027 597 3089 moerentum
626 3037 733 3099 easque
756 3029 869 3098 sumptu
892 3037 946 3080 suo
968 3022 1105 3083 canuit.

105 3102 270 3163 Destinarat
287 3106 371 3164 etiam
392 3101 472 3164 Ostia
495 3113 578 3162 tenus
598 3106 712 3164 moenia
731 3121 906 3183 promovere
930 3113 1020 3185 atque
1041 3104 1105 3167 iude

106 3187 187 3248 lossa
203 3205 281 3248 mare
296 3190 389 3247 veteri
406 3187 469 3246 urbi
484 3187 631 3248 inducere.
1111 3209 1133 3252 st

169 3272 258 3333 Multa
278 3271 330 3332 sub
353 3289 389 3331 eo
409 3280 438 3331 et
459 3272 656 3333 animadversa
678 3291 782 3332 severe
812 3282 841 3332 et
872 3275 1023 3353 coercita,
1051 3292 1106 3337 nec

106 3356 198 3416 minus
214 3359 354 3417 instituta:
373 3356 516 3417 adhibitus
531 3357 690 3436 sumptibus
704 3357 821 3427 modus;
843 3356 979 3437 publicae
996 3377 1106 3422 caenae

107 3438 143 3499 ad
160 3443 306 3524 sportulas
322 3440 458 3502 redactae
465 3463 473 3512 ;
494 3441 675 3503 interdictum
692 3460 729 3502 ne
751 3441 818 3524 quid
838 3442 866 3502 in
887 3444 1005 3524 popinis
1029 3444 1106 3507 cocti
