2334 3870
431 200 479 248 nn
498 194 747 249 cnnnnnrrcrs.
1030 187 1092 250 265

90 358 167 419 mine
188 357 333 435 Pasicles,
359 373 427 417 mox
447 355 570 421 Pansam
592 372 625 416 se
645 356 891 417 -transnominavit
931 352 1092 445 Wnltio

93 445 170 504 circa
181 460 298 503 scenam
310 448 443 503 versatus
455 447 516 517 est,
530 440 597 500 dum
611 432 830 519 mimographos
846 441 973 512 adiuvat3
982 435 1094 504 deinde

93 529 120 585 in
133 526 255 605 pergula
279 526 390 603 docuit,
420 524 515 585 donec
536 526 740 586 commentario
760 525 901 600 Zmyrnae
924 524 1000 586 edito
1021 525 1094 588 adeo

92 611 239 687 inclaruit,
256 619 286 670 ut
303 610 376 669 haec
391 609 427 669 de
445 624 482 668 eo
497 608 707 669 scriberentur:

69 709 81 748 o
250 699 303 753 Uni
316 699 451 755 Crassicio
461 708 495 751 ae
506 697 621 752 credere
634 696 757 769 Zmyrna
766 697 908 770 probauit:

307 781 427 838 Desinite
441 779 544 836 sadaca
564 782 685 852 cantapia
698 780 771 836 bone
780 789 891 854 peteret

246 863 304 919 Soti
315 865 451 922 Crassicio
466 879 497 920 se
510 864 582 920 dimit
594 863 697 919 sutae
711 866 788 935 cette,

302 949 405 1004 Iatima
421 950 469 1004 eui
477 949 532 1004 acti
544 953 608 1004 noto
623 962 675 1004 suo
690 951 838 1004 extiterint.

92 1027 151 1086 Sed
167 1045 230 1087 cum
245 1027 386 1089 edoceret
400 1030 455 1089 iam
475 1028 582 1088 multos
597 1043 633 1087 ao
647 1027 772 1105 nobiles,
792 1029 821 1087 in
837 1028 872 1087 iis
890 1026 991 1087 lulium
1008 1025 1098 1086 Antu-

54 1113 181 1188 aonium,
198 1113 336 1171 triumviri
353 1113 456 1189 lilium,
475 1121 508 1171 ut
523 1110 629 1171 Verrio
645 1129 763 1190 quoque
778 1111 889 1173 Flacco
912 1125 1097 1189 comparare·

90 1205 150 1272 tur,
166 1195 282 1256 dimissa
295 1207 420 1275 repente
441 1195 559 1273 ecbola,
581 1199 695 1256 transiit
715 1196 751 1257 ad
770 1195 805 1272 Q.
828 1196 910 1257 Sexti
931 1193 1099 1274 philosophi

92 1286 210 1337 sectam.

157 1359 325 1418 Scribonius
343 1359 551 1437 Aphrodisius,
575 1361 676 1421 Orbilii
698 1380 800 1421 servus
822 1372 907 1440 atque
929 1362 1098 1440 discipulus,
1108 1372 1142 1426 19

93 1461 163 1504 mox
177 1463 194 1505 a
206 1442 360 1502 Scribonia
372 1441 490 1503 Libonis
504 1442 574 1518 ulia,
591 1461 666 1519 quae
681 1447 761 1520 prior
775 1445 898 1520 Augusti
909 1463 983 1503 uxor
998 1444 1101 1522 luerat,

56 1528 262 1606 irredemptos
275 1534 305 1585 ct
317 1528 524 1602 manumissus,
543 1525 641 1585 docuit
656 1543 713 1604 quo
724 1527 845 1587 Verrius
856 1535 1004 1604 tempore,
1021 1528 1101 1586 onius

94 1615 178 1672 etiam
191 1611 273 1670 libris
288 1609 328 1670 de
345 1609 624 1689 orthographia
640 1610 808 1688 rescripsit,
826 1627 883 1669 non
898 1611 960 1668 sine
976 1611 1100 1670 insecta-

92 1699 171 1756 tione
188 1694 347 1755 studiorum
359 1713 529 1774 morumque
545 1695 617 1753 eius.

158 1778 202 1840 G.-
215 1778 304 1839 lulius
323 1779 471 1858 Hyginus,
501 1779 625 1855 Augusti
646 1776 784 1855 libertus,
811 1777 928 1837 natione
945 1776 1143 1854 Hispanus,20

95 1863 241 1945 (nonnulli
256 1863 483 1925 Alexandrinum
500 1872 599 1943 putant
621 1871 649 1922 et
665 1881 681 1923 a
698 1859 825 1924 Caesare
846 1879 966 1941 puerum
981 1861 1102 1922 Romam

56 1965 84 2006 oo
96 1946 248 2008 adductum
261 1945 440 2009 Alexandria
455 1946 556 2026 capta)
573 1948 702 2007 studiose
725 1957 754 2007 et
771 1946 859 2007 audiit
873 1954 903 2006 et
916 1948 1040 2006 imitatus
1057 1953 1103 2005 est

95 2030 262 2092 Cornelium
274 2030 471 2090 Alexandrum
483 2034 699 2107 grammaticum
711 2031 867 2108 Graecum,
884 2049 968 2108 quem
979 2039 1102 2110 propter

93 2116 269 2192 antiquitatis
283 2116 410 2175 notitiam
422 2114 635 2188 Polyhistcrern
646 2115 742 2190 multi,
756 2115 869 2192 quidam
881 2115 1035 2175 Historiam
1049 2132 1100 2174 ro·

95 2198 207 2259 cabant.
248 2198 375 2258 Praeluit
390 2198 537 2259 Palatinae
556 2197 768 2275 bibliothecae,
787 2217 843 2258 nec
866 2217 902 2259 eo
923 2201 1019 2258 secius
1040 2198 1101 2276 plu·

93 2286 182 2343 rimos
198 2282 309 2352 docuit;
325 2283 436 2361 luitque
452 2281 687 2342 familiarissimus
704 2282 807 2342 Ouidio
825 2292 931 2362 poetae
954 2292 983 2342 et
998 2280 1101 2342 Clodio

59 2367 194 2427 asLicino
211 2367 373 2444 consulari,
397 2367 551 2443 historico,
569 2368 616 2444 qni
630 2384 693 2426 eum
711 2367 861 2428 admodum
877 2384 1036 2447 pauperem
1054 2365 1102 2426 dc·

99 2451 226 2510 cessisse
243 2450 327 2510 tradit
343 2461 372 2511 et
387 2450 561 2511 liberalitate
575 2469 642 2527 sua,
662 2451 757 2529 quoad
768 2453 887 2530 vixerit,
904 2459 1101 2511 sustentatum.

96 2535 186 2595 Huius
203 2533 323 2595 libertus
338 2535 390 2595 luit
411 2534 500 2595 lulius
515 2535 679 2613 llodestus,
701 2538 729 2594 in
750 2535 849 2596 studiis
870 2545 956 2614 atque
971 2534 1103 2598 doctrina

95 2619 221 2696 vestigia
237 2622 352 2698 patroni
368 2628 495 2680 secutus,

161 2699 194 2763 G.
208 2703 358 2782 Melissus,
377 2705 491 2784 Spoleti
510 2714 594 2765 natus
614 2707 775 2782 ingenuus,
798 2705 850 2764 sed
872 2705 909 2765 ob
928 2704 1101 2765 discordiam
1109 2706 1143 2761 21

58 2809 85 2852 so
97 2797 247 2867 parentum
265 2791 433 2866 expositus,
460 2807 527 2848 eura
549 2798 579 2847 et
594 2787 732 2849 industria
753 2788 918 2849 educatoris
940 2789 984 2848 sui
999 2788 1102 2848 altiora

96 2871 187 2931 studia
205 2875 353 2950 percepit,
378 2891 413 2932 ao
430 2872 592 2934 llaecenati
611 2890 664 2952 pro
680 2875 867 2949 grammatico
888 2874 998 2932 muneri
1019 2872 1102 2931 datus

96 2964 151 3015 est.
182 2953 234 3015 Gui
251 2974 314 3014 cum
330 2974 363 3015 se
377 2966 490 3033 gratnm
505 2965 534 3016 et
549 2966 700 3035 acceptum
717 2960 744 3015 in
756 2955 870 3016 modum
882 2957 964 3018 auriol
978 2955 1101 3030 videret,

97 3057 259 3117 quanquam
280 3048 432 3100 asserente
454 3048 561 3117 matre,
585 3042 742 3118 permansit
757 3049 850 3101 tamen
867 3043 896 3100 in
915 3049 991 3101 statu
1010 3038 1101 3101 serui·

95 3126 163 3184 tntis
190 3132 433 3203 praesentemque
456 3124 657 3184 condicionem
674 3141 763 3184 uerae
789 3127 892 3203 origini
919 3124 1099 3204 anteposnlt;

59 3225 186 3287 aequare
204 3210 261 3268 cito
280 3209 483 3286 manumissus,
506 3207 639 3285 Augusto
661 3210 745 3269 etiam
764 3209 921 3270 insinuatus
943 3219 997 3268 est.
1035 3208 1100 3283 Quo

96 3291 266 3369 delegante,
295 3310 391 3354 curam
412 3290 629 3354 ordinandarum
651 3291 892 3354 bibliothecarum
910 3296 939 3353 ln
960 3291 1101 3352 Octaviae

97 3378 212 3455 portion
229 3380 368 3456 suscepit.
395 3376 508 3457 Atque,
525 3379 630 3457 utipse
644 3377 745 3455 tradit,
766 3379 979 3456 sexagesimum
998 3375 1102 3437 aetatis

98 3478 201 3520 annum
224 3477 330 3539 agens,
352 3461 472 3522 libellos
494 3461 738 3541 Ineptiarum,
760 3465 809 3542 qui
836 3479 911 3523 nuno
933 3461 1101 3523 locorum
