2334 3870
403 195 451 242 nn
475 195 725 246 (1111111111.
994 187 1056 249 259

59 347 250 428 malicumque
263 349 450 409 notissimum.
467 349 594 431 Suntqni
604 351 1056 415 1111111111111111111111111111·

61 440 164 509 guent,
187 441 217 492 ut
235 431 338 495 Graeci
353 436 569 511 grammaticum
586 453 603 497 1
618 436 829 513 grammatista,
851 444 881 496 et
901 436 981 498 illum
995 439 1056 515 qui·

61 515 125 575 dem
140 515 286 594 absolute,
304 516 380 576 hunc
394 517 578 579 mediocriter
594 519 710 580 doctum
725 521 898 583 existiment.
930 521 1057 595 Quorum

60 601 224 679 opinionem
240 599 365 661 Orbilius
386 602 472 662 ctiam
487 603 630 682 exemplis
647 605 811 674 confirmem
832 621 955 684 namque
973 603 1059 682 opud

34 684 194 745 amotores
215 685 270 760 ait,
296 701 363 744 cum
379 683 506 764 familia
527 687 659 747 ollarios
679 688 800 749 conclis
816 687 1057 766 produceretur,

56 786 120 829 ooo
136 774 247 828 temere
260 785 347 847 qoem
361 768 529 830 litteratum
543 770 576 830 ire
602 770 705 848 titolo,
721 772 777 832 scd
791 773 992 834 litteratorem
1009 769 1056 831 im·

57 848 156 994 {erebi
168 850 291 912 solitum
305 869 387 929 ecee,
411 855 504 933 quusi
516 872 579 916 noc
591 853 763 933 perfectam
781 856 907 932 litteris,
926 855 984 916 scd
1001 855 1055 915 im·

79 941 171 996 utum.
487 946 490 954 ·

121 1019 246 1079 Veteres
255 1021 435 1098 grammatici
451 1031 480 1082 et
492 1022 668 1084 rhetoricam
681 1021 842 1099 docebant,
859 1040 894 1082 ac
904 1022 1058 1082 multorum

20 1122 46 1164 so
56 1101 92 1163 de
108 1111 228 1181 utraque
243 1113 305 1165 arte
320 1107 517 1168 commentarii
531 1107 670 1167 feruntur.
707 1105 870 1166 Secundum
888 1123 971 1185 quam
989 1124 1057 1168 con·

57 1186 234 1247 suetudinem
249 1191 432 1267 posteriores
452 1209 568 1271 qnoque
584 1193 733 1269 existimo,
756 1207 918 1269 quanquam
929 1191 985 1250 iam
1000 1189 1055 1251 dis·

58 1270 146 1329 cretis
158 1270 405 1349 professionibus,
422 1274 511 1335 nihilo
527 1275 619 1334 minus
635 1276 682 1335 vel
694 1276 848 1334 retinuisse
860 1274 907 1334 vel
919 1276 1055 1335 instituis-

58 1370 90 1412 se
105 1359 134 1411 et
145 1353 227 1430 ipsos
240 1352 380 1430 quaedam
391 1373 501 1430 genera
513 1357 1054 1434 institutionumadeloquentiamprae-

57 1434 228 1515 parandam,
249 1445 280 1495 ut
298 1436 495 1514 problemata,
518 1439 720 1516 paraphrasis,
743 1438 951 1513 allocutiones,
975 1439 1056 1496 etho·

21 1540 48 1580 1s
59 1520 154 1599 logias
170 1528 255 1598 atque
276 1519 331 1579 alia
346 1519 403 1580 hoc
420 1537 528 1598 genus;
549 1538 586 1579 ne
608 1520 721 1580 seilicet
743 1521 814 1578 sicci
833 1521 948 1578 omnino
971 1528 1057 1598 atque

57 1604 128 1665 aridi
150 1603 234 1683 pueri
253 1603 417 1676 rhetoribus
436 1602 626 1664 traderentur.
660 1604 742 1678 Quae
766 1602 879 1680 quidem
895 1604 986 1663 omitti
1002 1605 1056 1663 iam

56 1689 154 1766 video,
166 1687 277 1766 desidia,
288 1688 466 1768 quorundam
478 1696 506 1748 et
520 1688 651 1756 infantia;
664 1705 722 1747 non
734 1689 809 1745 enim
821 1686 936 1746 fastidio
948 1696 1054 1764 putem.

56 1774 103 1835 ilie
116 1773 230 1851 quidem
243 1771 477 1850 adolescentulo,
493 1781 597 1853 repeto
612 1771 753 1850 quendam
763 1770 929 1849 Principem
940 1771 1055 1829 nomine

57 1857 175 1919 alternis
191 1856 291 1918 diebus
306 1856 487 1936 declamare,
504 1859 624 1918 alternis
640 1857 804 1936 disputare,
822 1854 967 1914 nonnuliis
981 1871 1053 1915 vero

21 1953 141 2001 armans
164 1940 327 2019 disserere,
360 1952 427 2020 post
450 1941 598 2002 meridiem
619 1950 732 2001 remoto
754 1940 866 2019 pulpito
891 1937 1056 2000 declamare

57 2024 180 2086 solitum.
204 2022 363 2084 Audiebam
380 2027 481 2101 etiam,
498 2027 635 2085 memoria
647 2034 759 2104 patrum
775 2022 914 2102 quosdam
931 2040 947 2082 e
962 2041 1054 2101 gram·

56 2110 153 2170 matini
165 2110 260 2170 statim
275 2106 342 2169 ludo
358 2110 496 2171 transisse
512 2112 542 2169 in
556 2109 650 2169 forum
668 2117 753 2187 atque
768 2109 797 2168 in
812 2125 959 2167 numerum
972 2123 1055 2184 prae-

57 2193 294 2256 stantissimorum
308 2201 494 2274 patronorum
511 2201 659 2272 receptos.

123 2276 202 2339 Glari
222 2276 408 2358 professores
430 2287 459 2337 et
475 2276 627 2356 dequibus
643 2275 726 2357 prodi
749 2277 842 2354 possit
861 2273 969 2354 aliquid
991 2272 1056 2331 dum

19 2371 137 2424 1111111
150 2381 167 2423 1
182 2362 281 2439 nobis,
298 2364 361 2423 fere
376 2362 406 2422 hi
418 2362 542 2422 fuerunt.
974 2367 977 2374 '

117 2445 222 2506 Serius
232 2445 359 2506 Nicanor
372 2448 481 2525 primus
492 2446 527 2507 ad
540 2445 642 2506 famam
655 2444 909 2522 dignationemque
922 2438 1055 2501 docendo
1068 2457 1086 2510 5

60 2531 207 2611 peruenit,
220 2531 349 2609 fecitque
362 2540 479 2611 praeter
492 2531 732 2606 commentarios,
746 2545 866 2608 quorum
878 2536 972 2586 tamen
987 2542 1055 2604 pars

58 2617 180 2676 1111111
191 2617 354 2695 intercepta
365 2616 479 2694 dicitur,
505 2625 664 2691 satyram
681 2630 814 2694 quoque,
831 2614 928 2690 inqua
947 2609 1056 2671 liberti·

58 2716 124 2760 num
139 2719 172 2760 se
193 2718 228 2760 ae
243 2700 352 2779 duplici
369 2703 541 2779 cognomine
557 2718 624 2761 esse
642 2717 696 2779 per
711 2697 785 2758 haec
800 2696 922 2756 indicat:

22 2797 50 2840 ³0
224 2788 320 2847 Serius
333 2789 458 2846 Nicanor
471 2790 567 2845 Marci
578 2789 689 2844 libertus
704 2786 827 2859 respodit.-

224 2872 321 2930 Seoius
330 2882 397 2945 post
409 2867 516 2931 huius*
532 2875 603 2930 idem
617 2889 652 2927 oc
666 2871 785 2926 Murcus
800 2867 911 2924 docebit.

60 2954 130 3014 Sunt
151 2954 198 3032 qui
223 2952 353 3028 tradant,
376 2953 413 3014 oh
433 2953 574 3013 infamiam
597 2949 738 3031 quandam
760 2966 824 3008 eum
845 2951 875 3008 in
896 2946 1057 3007 Sardiniam

59 3039 221 3115 secessisse
237 3036 334 3115 ibique
348 3037 424 3096 diem
440 3037 548 3096 obisse.

122 3120 258 3182 Aurelius
280 3119 409 3201 Opilius,
437 3121 576 3201 Epicurei
597 3117 742 3180 cuiusdam
763 3117 899 3194 libertus,
925 3115 1085 3194 phitom-5

23 3223 50 3266 ss
61 3205 157 3286 phium
181 3207 292 3287 primo,
322 3203 426 3266 deinde
445 3205 637 3280 rhetoricam,
660 3204 818 3263 novissime
839 3201 1056 3280 grammaticam

60 3291 166 3350 docuit.
198 3289 321 3351 Dimissa
336 3298 429 3350 autem
444 3289 560 3367 schola,
580 3287 716 3350 Rutilium
732 3287 836 3348 Rufum
852 3286 1012 3346 damnatum
1028 3285 1057 3341 in

60 3374 158 3436 Asiam
173 3384 307 3453 secutus,
328 3374 433 3436 ibidem
448 3376 588 3451 Smyrnae
599 3371 683 3433 simul
700 3373 865 3448 consenuit,
882 3367 1055 3447 composuit·

60 3478 116 3538 qne
134 3462 232 3522 variae
256 3459 421 3521 eruditionis
446 3461 555 3518 altune*
576 3458 718 3520 volumius
760 3473 799 3510 om
822 3453 929 3535 paidos
954 3467 1048 3506 roera
