2334 3870
91 200 132 263 66
176 212 515 272 carlummannum
534 213 582 260 on
596 213 680 260 vura
696 213 880 261 cunsunou
896 214 969 271 nna.
984 215 1024 264 11.

92 375 198 428 tantum
227 366 304 444 quod
329 368 479 445 pueritiam
505 384 644 445 egresso,
678 367 796 444 deindo,
831 376 863 427 ut
886 370 912 429 is
938 368 1026 449 obiit,
1056 373 1099 434 bl.

91 451 243 530 Agrippae
258 459 376 529 nuptum
391 450 477 527 dedit,
495 459 614 511 exorata
631 469 745 528 sorore,
764 458 793 510 ut
808 450 864 511 sibi
879 470 991 530 genero
1006 456 1098 516 code-

91 543 152 605 ret;
174 552 238 595 nam
258 543 326 595 tunc
342 533 474 614 Agrippa
496 533 616 595 alteram
636 534 838 596 llarcellarnm
859 534 982 596 habebat
1002 546 1033 596 et
1054 558 1096 599 ex

92 637 128 680 ea
149 618 268 679 liberos.
292 619 357 679 lloc
377 635 492 697 qnoque
514 618 666 697 defuncto,
689 619 785 679 multis
806 637 841 680 ac
862 618 925 697 diu,
946 621 1027 680 etium
1051 638 1092 681 ox

93 705 220 784 equestri
239 703 353 779 ordine,
378 703 598 782 circumspectis
614 703 851 781 condicionibus,
873 703 1016 764 'liberium
1030 707 1113 783 pri-o

92 789 209 866 rignum
230 805 310 846 auum
331 785 422 864 clegit
444 788 601 865 coegitque
623 797 831 866 praegnantem
849 804 988 866 uxorem,
1010 797 1094 849 etex

92 891 148 952 qua
168 873 223 931 iam
239 879 322 949 pater
338 879 414 949 erat,
437 871 590 931 dimittere.
620 872 659 933 tl.
674 871 817 932 Antonius
834 871 949 949 scribit,
974 873 1096 953 primum

93 974 157 1016 eum
172 954 298 1014 Antonio
314 955 373 1015 lilio
390 974 443 1016 suo
458 955 651 1034 despondisse
665 955 779 1033 lulium,
804 955 871 1015 dein
888 953 1019 1019 Cotisoni
1037 957 1094 1017 Ge·

92 1049 183 1102 tarum
205 1040 288 1116 regi,
312 1057 370 1119 quo
392 1049 525 1118 tempore
548 1039 603 1098 sihi
624 1056 739 1118 quoque
755 1042 784 1099 in
801 1041 895 1100 ricem
908 1040 994 1100 liliam
1008 1041 1089 1116 regis

92 1124 121 1184 in
136 1125 344 1184 matrimonium
362 1125 494 1200 petisset.
1100 1138 1140 1190 io,

50 1219 85 1274 64
153 1208 286 1285 Nepotes
301 1225 338 1265 ex
350 1207 484 1284 Agrippa
499 1215 528 1265 et
541 1205 613 1266 lulia
626 1215 687 1266 tres
702 1206 801 1269 habuit
816 1207 850 1269 (l.
863 1217 893 1268 et
902 1206 973 1267 het
983 1205 1093 1283 Agrip·

92 1310 173 1372 pam,
193 1299 298 1369 neptes
320 1290 389 1350 duas
412 1289 512 1350 luliam
535 1299 565 1350 et
586 1290 787 1370 Agrippinam.
824 1292 925 1352 luliam
949 1289 981 1350 b.
1003 1287 1095 1350 Paulo

93 1376 224 1437 censoris
250 1374 328 1453 lilio,
356 1374 548 1454 Agrippinam
569 1374 740 1436 Germanico
768 1378 879 1436 sororis
903 1392 974 1434 suae
994 1374 1098 1452 nepoti

94 1459 260 1523 collocavit.
293 1457 392 1520 Gaium
407 1458 481 1518 eth.
498 1459 660 1538 adoptarit,
681 1460 756 1519 domi
771 1478 825 1538 per
838 1475 935 1520 assem
949 1465 979 1518 et
992 1456 1098 1518 libram

93 1553 207 1624 emptos
228 1562 245 1604 a
267 1554 349 1623 patre
367 1543 519 1622 Agrippa,
539 1553 716 1622 tenerosque
731 1542 824 1602 adhuc
839 1543 876 1604 ad
894 1560 993 1603 curum
1006 1544 1051 1602 roi
1065 1561 1096 1622 p.
1108 1557 1133 1598 rc

93 1629 219 1691 admovit
241 1638 270 1688 et
287 1629 423 1688 consules
444 1627 611 1704 designatos
629 1629 736 1688 circum
751 1627 918 1707 provincias
933 1627 1097 1686 exercitus-

93 1732 150 1793 que
175 1711 289 1772 dimisit.
321 1711 422 1772 Filiam
443 1720 473 1770 et
494 1720 598 1790 neptes
612 1713 651 1771 ita
666 1712 801 1788 instituit,
822 1720 852 1771 ut
866 1712 953 1772 ctiam
967 1710 1097 1771 lanilicio

93 1795 305 1870 assuefaceret,
331 1803 500 1872 vetaretque
515 1794 595 1873 loqui
611 1803 659 1854 aut
676 1812 767 1872 agere
783 1796 936 1874 quicquam
952 1795 1010 1854 nisi
1027 1811 1096 1874 pro·

93 1879 188 1961 palum
213 1887 242 1936 et
266 1876 344 1954 quod
363 1879 391 1935 in
414 1878 530 1937 diurnos
553 1881 774 1938 commentarios
793 1879 968 1948 referretnr3
999 1887 1096 1939 exua-

92 1979 212 2024 neorum
233 1958 347 2038 quidem
369 1968 456 2020 coetu
476 1960 550 2021 adeo
573 1962 736 2040 prohibuit,
758 1971 788 2022 ut
807 1961 839 2023 h.
856 1964 988 2040 Vicinio,
1011 1962 1131 2022 claroao

93 2047 259 2123 decoroque
278 2045 389 2121 iuveni,
411 2046 563 2124 scripserit
583 2046 741 2125 quondam,
760 2063 876 2124 porum
892 2045 1031 2108 modeste
1045 2045 1095 2124 fe·

94 2130 174 2193 cisse
198 2147 281 2206 mm,
308 2129 392 2209 quod
412 2128 510 2207 lilium
529 2145 619 2192 auom
638 2129 740 2191 Boios
758 2131 928 2192 calciatum
948 2130 1096 2191 ambiet.

92 2214 225 2295 Nepotes
247 2223 276 2274 et
297 2214 407 2274 litteras
423 2223 452 2273 et
473 2224 574 2275 notare
597 2215 711 2294 aliaque
732 2215 891 2276 rudimenta
913 2233 967 2294 per
981 2233 1015 2275 se
1030 2214 1096 2294 plc-

92 2317 213 2378 rumque
228 2299 325 2359 docuit
341 2317 376 2360 uc
391 2298 460 2359 nibil
474 2318 566 2381 aeque
581 2299 743 2360 elaboravit
763 2317 848 2378 quam
867 2309 898 2359 ut
915 2300 1097 2360 imitarentur

94 2384 318 2464 chirographum
334 2403 428 2455 soum;
445 2403 540 2463 neque
556 2385 687 2444 caenavit
702 2403 766 2460 una,
781 2385 836 2444 nisi
850 2393 880 2443 ut
893 2384 923 2443 in
938 2386 996 2443 imo
1012 2383 1094 2443 lecto
1104 2405 1131 2447 25

93 2468 271 2544 assiderent,
299 2486 393 2546 neque
414 2470 470 2527 iter
488 2468 572 2544 lecit,
598 2468 652 2526 nisi
674 2477 704 2527 nt
723 2467 859 2528 vehiculo
880 2468 1026 2529 anteirent
1046 2476 1097 2528 aut

50 2552 83 2606 65
94 2553 171 2611 circa
185 2551 394 2629 adequitarent.
421 2552 479 2610 Sed
494 2552 599 2611 laetum
615 2569 679 2610 cum
694 2560 780 2630 atquc
795 2551 931 2613 fidentem
942 2560 973 2612 et
988 2549 1096 2612 subole

93 2643 122 2694 et
136 2633 287 2711 disciplina
303 2633 402 2693 domus
413 2634 540 2694 Fortuna
555 2634 691 2694 destituit.
713 2634 810 2713 lulias,
825 2637 913 2697 liliam
924 2645 954 2697 et
962 2644 1095 2716 neptem,

93 2714 223 2777 omnibus
244 2715 360 2795 probris
383 2720 588 2778 contaminatas
608 2718 766 2796 relegavit;
791 2719 824 2781 G.
841 2729 871 2781 et
883 2718 915 2780 h.
937 2721 968 2780 in
983 2719 1094 2781 duode-

91 2801 194 2878 viginti
215 2818 344 2859 mensum
366 2802 460 2880 spatio
482 2802 576 2861 amisit
596 2802 711 2879 ambos,
734 2802 805 2864 Gaio
828 2805 857 2864 in
875 2804 979 2882 Lycia,
1001 2803 1130 2865 Lucioso

91 2883 237 2947 Massiliae
261 2883 413 2946 defunctis.
450 2885 577 2945 Tertium
602 2895 740 2965 nepotem
761 2887 926 2968 Agrippum
950 2888 1095 2968 simulque

92 2970 253 3050 privignum
264 2968 409 3029 Tiberium
425 2970 572 3048 adoptarit
588 2972 617 3029 in
629 2971 696 3030 foro
712 2970 781 3048 lege
798 2973 920 3043 curiata;
936 2991 976 3034 ex
988 2972 1096 3052 quibus

92 3055 254 3133 Agrippam
268 3052 350 3112 brevi
364 3053 401 3114 ob
416 3055 560 3131 ingenium
575 3054 720 3114 sordidum
735 3074 770 3115 ac
782 3056 871 3117 ferox
885 3056 1032 3118 abdicarit
1046 3075 1094 3117 se·

93 3139 246 3220 posuitque
262 3138 437 3198 Surrentum.

152 3222 306 3302 Aliquanto
327 3231 421 3282 autem
441 3224 594 3301 patientius
614 3232 735 3283 mortem
757 3241 840 3302 quam
862 3224 1010 3286 dedecora
1024 3243 1128 3288 suo-as

93 3325 154 3366 rum
171 3308 243 3367 tulit.
271 3304 343 3367 Nam
362 3305 394 3366 0.
408 3307 536 3385 Lucique
556 3325 626 3367 casu
646 3325 704 3367 non
724 3306 798 3368 adeo
821 3308 947 3385 iractns,
973 3308 1010 3370 de
1031 3309 1094 3371 illia

93 3390 200 3451 absens
215 3410 248 3451 ao
263 3391 364 3453 libello
379 3410 432 3471 per
447 3400 629 3470 quaestorem
643 3391 766 3451 recitato
780 3399 877 3451 notum
892 3395 1006 3454 senatui
1019 3393 1095 3455 iecit

93 3476 286 3555 abstinuitque
310 3494 469 3556 congressu
489 3475 633 3535 hominum
648 3474 694 3534 diu
708 3492 780 3554 prae
796 3474 928 3555 pudore,
949 3478 1039 3541 etiam
1053 3477 1094 3539 de
