2286 3862
104 162 166 224 222
194 174 224 223 1.
240 173 392 223 sunuour
411 171 539 233 ranno.
556 172 603 219 nn
619 171 703 218 1111
719 168 904 221 censuum
919 170 1072 224 1111111.

105 340 192 392 nocte
214 329 403 409 interposita,
433 328 527 406 primo
549 325 677 387 diluculo
704 324 866 389 sordidatus
892 323 1053 389 descendit
1079 330 1113 391 ad

107 425 202 477 rostra
219 413 375 491 multisque
391 429 455 472 oum
471 411 598 471 lacrimis
620 410 723 472 eadem
739 408 805 489 illa,
826 427 929 471 uerum
954 428 973 472 e
1002 410 1111 494 libello,

105 508 227 562 testatus
244 506 298 558 est.
331 498 444 558 Rursus
458 494 664 575 interpellante
679 493 771 555 milite
784 511 822 555 ac
839 494 958 575 populo
971 504 1003 557 et
1011 515 1049 558 ne
1063 498 1110 559 de·

105 586 208 646 liceret
224 582 356 643 hortante
374 597 547 658 omnemque
562 597 682 660 opernm
694 596 777 640 suam
789 579 924 641 certatim
935 578 1106 660 pollicente,

106 671 229 730 animum
251 664 408 744 resumpsit
426 663 621 743 Sabinumque
645 672 675 724 et
696 665 829 743 reliquos
852 661 1009 725 Flauianos
1032 665 1126 727 nibils

106 756 162 814 iam
176 752 329 812 metuentis
342 748 372 808 vi
389 747 482 808 subita
498 749 526 808 in
544 746 718 829 Capitolium
734 746 887 829 compulit,
904 764 1099 829 succensoque

107 837 216 915 templo
234 834 315 894 lovis
330 832 437 912 Optimi
453 833 570 918 Maximi
586 834 746 913 oppressit.
780 830 851 893 Cum
873 840 905 891 ct
918 830 1063 913 proelium
1076 832 1105 893 e't

104 918 266 981 incendium
281 937 298 977 e
315 917 469 978 Tiberiana
485 918 672 998 prospiceret
692 915 777 978 domo
799 917 876 977 inter
898 914 1026 995 epulas,
1052 934 1109 978 non

103 1004 192 1066 multo
210 1012 277 1082 post
296 1003 449 1082 paenitens
466 1001 536 1062 facti
553 1010 583 1061 11
596 1001 624 1061 in
640 1002 715 1062 alios
730 1001 846 1082 culpam
861 998 1047 1080 conferens,
1062 1019 1110 1062 ro-

104 1099 166 1151 cata
184 1088 321 1148 contione
337 1086 441 1145 iuravit
458 1087 614 1164 coegitque
629 1088 725 1146 iurare
749 1094 779 1145 ct
803 1092 941 1165 ceteros,
963 1085 1038 1147 nihil
1060 1085 1112 1147 sibi
1120 1101 1139 1141 u

104 1174 246 1250 antiquius
263 1172 360 1250 quiete
376 1169 493 1248 publica
508 1168 582 1230 lore.
616 1170 695 1230 Tunc
712 1168 838 1230 solutum
853 1186 871 1229 a
884 1168 984 1231 lutere
1007 1174 1111 1250 pugio·

104 1274 168 1315 nem
184 1254 297 1314 consuli
312 1254 443 1330 primurn,
463 1251 569 1313 deinde
584 1254 635 1314 illo
651 1262 806 1315 recusante
827 1252 1058 1332 magistratibus
1081 1273 1113 1316 11

103 1358 171 1400 mox
187 1337 370 1398 senatoribus
386 1336 509 1415 singulis
524 1339 700 1419 porrigens,
723 1339 803 1399 nullo
818 1337 1007 1417 recipiente,
1032 1340 1112 1419 quasi

104 1426 132 1484 in
146 1423 219 1483 aede
236 1420 419 1483 ConcordIae
437 1423 585 1502 positurus
601 1422 754 1483 abscessit.
787 1422 847 1483 Sed
869 1420 1053 1502 quibusdam
1069 1424 1109 1485 ad·

105 1507 303 1585 clamantibus,
319 1507 420 1586 ipsum
435 1524 504 1568 csse
519 1505 738 1583 Concordiam,
753 1506 839 1568 rediit
853 1525 910 1568 nec
924 1507 1028 1569 solum
1046 1510 1108 1569 reti·
1117 1531 1132 1572 11

104 1612 174 1654 nere
191 1609 224 1651 se
240 1593 348 1652 ferrum
359 1591 525 1669 affirmauit,
540 1610 640 1652 uerum
657 1594 743 1652 etiam
759 1590 948 1653 Concordiae
971 1594 1111 1673 recipere

67 1692 283 1754 rocognomem
300 1678 449 1754 suasitque
466 1678 595 1753 senatui,
611 1685 641 1736 ut
655 1676 774 1755 legatos
790 1673 854 1737 cum
870 1676 1040 1754 uirginibus
1056 1680 1110 1738 Ve-

104 1761 223 1821 stalibus
240 1761 395 1836 mitterent,
413 1777 516 1838 pacem
532 1769 580 1820 aut
598 1770 679 1822 certe
695 1771 809 1841 tempus
825 1760 861 1821 ad
885 1761 1110 1823 consultandum

126 1847 256 1904 etitnros.
622 1858 626 1865 '

104 1864 122 1923 p
166 1925 308 1987 Postridie
324 1943 468 2005 responsa
484 1928 651 2007 opperienti
666 1928 823 1990 nuntiatum
838 1937 883 1989 est
899 1947 955 2009 per
970 1931 1135 2011 explora-rc

104 2021 208 2085 torem,
223 2008 325 2070 hostes
339 2012 590 2090 appropinquare.
623 2011 766 2074 Continuo
782 2014 869 2092 igitur
885 2012 1045 2076 abstrusus
1059 2035 1109 2095 ge·

104 2094 223 2154 statoria
240 2093 324 2172 sella,
342 2093 454 2155 dnobus
473 2097 544 2157 solis
561 2098 723 2175 comitibus,
736 2099 848 2177 pistore
860 2107 890 2158 et
902 2115 990 2175 coco,
1007 2098 1107 2161 Auen·

104 2180 191 2237 tinum
210 2187 238 2237 et
253 2188 401 2258 paternam
417 2180 530 2241 domum
547 2180 621 2242 clam
635 2184 724 2262 petit,
739 2191 770 2242 ut
785 2181 852 2243 inde
868 2183 898 2242 in
914 2179 1108 2263 Campaniam

103 2264 234 2341 lugeret;
250 2283 318 2324 mox
333 2264 392 2324 levi
407 2283 523 2325 rumore
540 2275 568 2325 et
582 2268 704 2345 incerto,
721 2276 864 2345 tamquam
877 2284 937 2347 pax
949 2268 1108 2347 impetrata

104 2357 196 2425 esset,
215 2349 319 2408 referri
336 2368 370 2408 se
387 2350 416 2408 iu
433 2350 570 2410 Palatium
595 2370 699 2431 passus
723 2360 776 2411 est.
823 2351 880 2413 Ubi
900 2370 966 2413 cum
987 2351 1107 2414 deserta
1115 2381 1136 2422 25

104 2435 197 2494 omnia
213 2434 386 2511 reperisset,
399 2432 591 2494 dilabentibus
607 2437 695 2514 etqui
710 2435 793 2496 simul
807 2445 900 2514 crant,
919 2454 995 2498 nona
1010 2456 1046 2498 se
1060 2456 1106 2499 au·

104 2535 218 2577 reorum
236 2518 321 2596 plena
338 2519 527 2579 circumdedit
542 2520 733 2599 confugitque
749 2521 777 2580 in
800 2520 936 2582 cellulam
959 2522 1106 2600 ianitoris,

103 2601 228 2677 religato
245 2619 299 2678 pro
316 2601 427 2663 loribus
441 2622 513 2663 cane
529 2603 670 2683 lectoque
686 2614 715 2665 et
731 2605 836 2666 culcita
852 2606 989 2666 obiectis.

62 2694 93 2750 17
164 2683 334 2762 Irruperant
358 2686 413 2746 iam
436 2689 560 2766 agminis
581 2699 788 2751 antecessores
809 2708 843 2751 ac
866 2692 981 2751 nemine
1015 2691 1106 2752 obvio

101 2765 286 2845 rimabantur,
306 2777 337 2828 ut
352 2770 392 2847 lit,
408 2772 532 2850 singula.
577 2774 623 2834 Ab
641 2773 686 2834 his
703 2783 851 2836 extractus
869 2794 886 2836 e
903 2775 1030 2854 latebra,
1051 2778 1137 2840 sci-au

102 2852 252 2928 scitantes,
270 2855 334 2930 quis
351 2865 431 2916 esset
447 2858 528 2937 (nam
545 2858 748 2937 ignorabatur)
766 2868 794 2919 et
808 2859 856 2919 ubi
872 2877 939 2920 esse
952 2860 1107 2921 Vitellium

101 2937 199 3013 sciret,
216 2938 368 2999 mendacio
386 2940 484 3011 elusit;
502 2941 606 3003 deinde
622 2944 752 3021 agnitus,
769 2961 878 3022 rogare
902 2962 961 3005 non
984 2944 1106 3024 destitit,

102 3022 184 3102 quasi
201 3022 343 3099 quaedam
361 3023 397 3085 de
415 3027 507 3087 salute
523 3029 697 3107 Vespasiani
714 3027 859 3105 dicturus,
887 3038 916 3089 ut
941 3030 1106 3092 custodire·

101 3116 145 3166 tur
162 3107 275 3167 interim
293 3108 341 3168 111
357 3111 386 3169 in
405 3129 534 3189 carcere,
550 3111 646 3173 donec
662 3113 794 3190 religatis
816 3120 883 3192 post
906 3122 993 3193 terga
1015 3117 1105 3177 mani·

99 3191 164 3269 bus,
182 3192 290 3253 iniecto
310 3194 475 3256 cervicibus
493 3197 615 3276 laqueo,
638 3205 721 3256 ueste
744 3197 865 3258 discissa
886 3199 1057 3261 seminudus
1078 3200 1107 3267 in
1116 3219 1140 3262 11

99 3276 193 3337 iorum
210 3287 321 3338 tractus
337 3287 382 3338 ost
404 3280 479 3341 inter
495 3299 598 3359 magna
620 3299 716 3342 rerum
740 3281 957 3362 uerborumque
980 3283 1108 3347 ludibria

99 3376 154 3435 per
169 3371 259 3422 toturn
282 3364 347 3424 viae
364 3364 473 3425 Sacrae
501 3369 639 3444 spatium,
663 3365 785 3426 reducto
806 3384 890 3428 coma
915 3369 1028 3449 capito,
1052 3389 1109 3432 ceu

98 3446 178 3506 noxii
191 3449 300 3526 solent,
319 3457 406 3527 atque
422 3450 507 3509 etiam
522 3460 618 3511 mento
635 3469 775 3513 mucrone
790 3451 882 3531 gladii
897 3452 1061 3535 subrecto,
1077 3465 1110 3518 nt
