2286 3862
435 245 537 294 mvus
553 245 736 294 eunomus.
1026 233 1084 294 165

92 422 177 465 causa
200 400 337 482 quosdam
360 402 564 479 committeret,
588 401 623 462 de
645 401 792 461 fabrorum
818 418 932 479 quoque
953 418 987 462 ac
1003 401 1084 458 mini·

91 497 213 548 atrorum
225 495 311 566 atque
327 485 356 546 id
373 503 466 562 genus
480 503 613 563 numero,
632 487 656 545 si
671 494 844 546 automatum
858 485 905 543 vel
920 502 1025 562 pegma
1038 483 1085 543 vel

92 571 158 651 quid
174 571 232 632 tale
247 569 323 630 uliud
338 588 437 648 parum
455 571 600 629 cessisset.
636 569 749 630 lnduxit
764 579 793 629 et
808 587 893 628 unum
910 587 948 627 ex
969 585 1085 626 nomen·

91 654 267 717 culatonibus
284 655 359 731 suis,
377 656 420 712 sic
438 662 468 712 ut
485 663 546 713 erat
557 663 683 730 togatus.

63 757 76 796 a
156 739 214 799 Sed
234 738 304 797 nihil
327 756 418 816 aeque
442 756 525 815 mam
545 738 658 797 timidus
681 756 715 798 ac
738 736 870 797 diflidens
886 738 948 796 fuit.
985 735 1129 796 Primisbb

89 825 203 903 imperii
225 822 326 882 diebus
351 839 536 900 quamquam,
567 829 597 880 ut
624 820 762 898 diximus,
788 822 909 882 iactator
933 819 1087 894 civilitatis,

90 925 186 985 neque
204 907 336 966 conuiuia
351 908 423 966 inire
440 925 525 967 ausus
542 915 587 965 est
609 906 663 965 nisi
683 914 714 964 ut
730 905 932 983 speculatores
950 922 1013 963 cum
1028 902 1087 962 lan

92 993 151 1052 ceis
169 992 385 1051 circumstarent
404 991 567 1070 militesque
588 993 654 1050 vice
677 991 871 1048 ministrorum
888 988 1087 1064 iungerentur,

90 1094 184 1154 neque
201 1093 319 1152 aegrum
338 1093 508 1153 quemquam
523 1075 649 1135 visitavit
664 1075 719 1133 nisi
735 1072 889 1151 explorato
913 1074 993 1150 prins
1011 1068 1088 1129 cubi·

56 1173 80 1215 ro
92 1160 157 1219 culo
177 1159 347 1237 culcitisque
367 1168 396 1218 et
412 1160 548 1236 stragulis
564 1159 781 1237 praetemptatis
798 1165 827 1216 et
839 1158 983 1216 excussis.
1010 1154 1089 1215 Reli·

90 1261 146 1322 quo
159 1251 253 1303 autem
261 1252 394 1319 tempore
405 1244 608 1303 salutatoribus
621 1251 799 1303 scrutatores
814 1259 931 1320 semper
943 1239 1089 1318 apposuit,

92 1326 249 1404 etquidem
268 1326 398 1386 omnibus
414 1336 443 1384 et
458 1327 672 1386 acerbissimos.
704 1328 778 1385 Sero
795 1329 869 1384 enim
885 1343 919 1385 ac
938 1326 988 1383 uix
1005 1324 1089 1382 remi·

93 1413 144 1486 sit,
160 1428 196 1468 ne
217 1410 341 1468 feminae
358 1412 589 1487 praetextatique
602 1411 685 1487 pueri
700 1418 729 1468 et
743 1408 859 1486 puellae
873 1416 1090 1466 contrectaren-

91 1504 151 1569 tur,
171 1501 199 1553 et
214 1510 250 1551 ne
263 1494 343 1552 cuius
359 1495 455 1552 comiti
471 1502 517 1551 aut
529 1493 646 1554 librario
661 1491 832 1551 calamariae
849 1500 896 1550 aut
907 1488 1092 1566 graphiarIae

56 1598 82 1641 to
92 1579 196 1638 thecae
210 1576 412 1637 adimerentur.
441 1577 520 1637 lllotu
539 1576 616 1635 civili
635 1594 699 1635 cum
715 1592 778 1634 eum
795 1573 949 1650 Camillus,
970 1590 1028 1631 non
1044 1570 1091 1630 du·

91 1664 185 1723 bitans
200 1663 284 1722 etiam
301 1662 372 1721 citra
387 1661 494 1721 bellum
515 1679 604 1740 posse
627 1662 749 1736 terreri,
775 1659 984 1719 contumeliose
1000 1665 1029 1715 et
1043 1656 1092 1714 mi·

91 1748 156 1808 naci
178 1756 207 1806 et
231 1749 392 1806 contumaci
414 1746 539 1825 epistula
555 1745 661 1806 cedere
678 1744 801 1823 imperio
817 1743 932 1802 iuberet
949 1742 1093 1817 vitamque

93 1834 215 1892 otiosam
235 1832 264 1890 in
282 1832 394 1910 privata
416 1849 448 1890 re
471 1847 575 1908 agere,
597 1830 735 1890 dubitavit
760 1827 892 1887 adhibitis
914 1823 1093 1905 principibus

92 1917 179 1992 viris,
195 1932 231 1974 an
242 1924 468 1993 optemperaret.
482 1915 626 1991 Quasdam
637 1913 756 1974 insidias
768 1923 879 1972 temere
895 1911 1007 1970 delatas
1018 1907 1091 1969 adec
1101 1911 1136 1968 3⁶

56 1998 228 2077 toexpauit,
253 2005 284 2055 nt
312 1998 460 2075 deponere
487 2001 637 2077 imperium
659 1999 852 2076 temptaverit.
887 1995 1033 2071 Quodam,
1064 2000 1094 2053 ιιι

94 2099 180 2159 supra
193 2080 305 2157 rettuli,
325 2078 388 2139 cum
403 2080 484 2141 ferro
511 2085 588 2142 circa
610 2084 819 2142 sacrificantem
842 2099 874 2140 se
897 2079 1092 2158 deprehenso,

94 2174 223 2225 senatum
246 2182 299 2243 per
323 2182 485 2243 praecones
508 2184 636 2245 propere
659 2167 833 2226 convocavit
853 2166 1043 2240 >lacrimisque
1065 2170 1094 2220 et

92 2249 305 2310 vociferatione
322 2252 473 2309 miseratus
490 2259 535 2309 est
554 2250 747 2310 conditionem
770 2268 866 2326 snam,
892 2251 936 2307 cui
953 2245 1022 2306 nihil
1043 2245 1095 2304 tuti

93 2351 213 2412 usquam
235 2343 330 2412 esset,
353 2352 388 2393 ac
409 2333 457 2393 diu
477 2335 593 2413 publico
618 2334 761 2394 abstinuit.
786 2333 959 2394 Messalinae
980 2346 1096 2407 quoque

54 2437 84 2480 ao
95 2435 221 2480 amorem
243 2418 493 2495 flagrantissimum
514 2434 572 2479 non
594 2428 650 2478 tam
670 2418 838 2495 indignitate
861 2415 1096 2477 contumeliarum

95 2519 179 2583 quam
197 2503 318 2581 periculi
334 2511 410 2562 metu
425 2503 545 2581 abiecit,
563 2522 626 2563 cunr
643 2502 774 2563 adultero
784 2496 862 2561 'silio
879 2501 990 2579 adquiri
1006 2499 1094 2576 impe·

92 2589 166 2647 rium
183 2586 368 2657 credidisset;
387 2605 444 2666 quo
462 2597 595 2667 tempore
610 2588 727 2648 loedum
742 2588 770 2646 in
785 2587 899 2646 modurn
914 2582 1044 2662 trepidus
1060 2580 1095 2640 ad

95 2680 190 2731 castra
206 2672 353 2750 confugit,
374 2672 443 2732 nihil
458 2682 518 2733 tota
534 2675 580 2732 via
597 2691 681 2751 quam
696 2679 814 2733 essetne
828 2670 890 2732 sibi
903 2668 1025 2730 ecloum
1040 2666 1094 2726 im·

92 2756 213 2834 perium
229 2759 390 2834 requirens.
420 2756 506 2817 Nulla
536 2757 609 2817 adeo
632 2758 777 2836 suspicio,
799 2755 894 2815 nullus
919 2761 1021 2814 auctor
1041 2749 1136 2810 tamti

55 2855 85 2896 ao
95 2839 170 2897 levis
183 2841 292 2915 extitit,
305 2858 321 2900 a
333 2858 390 2918 quo
403 2858 460 2900 non
471 2841 611 2901 mediocri
623 2841 760 2921 scrupulo
768 2843 876 2900 iniecto
889 2838 924 2898 ad
938 2836 1095 2897 cavendum

95 2921 350 3000 ulciscendumque
366 2925 600 3002 compelleretur.
623 2926 704 2986 Unus
718 2943 755 2984 ex
769 2922 963 3002 litigatoribus
976 2920 1096 2980 seducto

96 3009 124 3066 in
141 3005 313 3066 salutatione
329 3007 494 3086 affirmavit,
517 3009 626 3068 vidisse
642 3027 675 3068 se
691 3027 744 3087 per
763 3009 889 3086 quietem
915 3005 1011 3066 occidi
1034 3020 1098 3063 eum

97 3089 267 3168 aquodam;
291 3089 356 3150 dein
375 3091 561 3172 paulopost,
584 3093 666 3171 quasi
688 3109 894 3171 percussorem
910 3097 1097 3167 agnosceret,

96 3173 392 3235 libellurntradentem
401 3175 596 3236 aduersarium
608 3194 688 3236 suurn
700 3176 920 3237 demonstravit:
934 3172 1097 3233 confestim·

57 3270 87 3314 eu
97 3276 153 3336 que
165 3259 189 3318 is
201 3275 255 3338 pro
270 3258 416 3339 deprenso
431 3260 465 3320 ad
476 3278 600 3339 poenam
614 3269 714 3340 raptus
726 3271 780 3322 est.
796 3262 862 3322 Pari
874 3257 960 3321 modo
975 3274 1096 3336 oppres-

97 3361 159 3403 surn
174 3343 270 3403 ierunt
284 3343 410 3422 Appium
427 3344 567 3410 Silanum:
584 3363 669 3423 quem
686 3364 748 3406 cum
763 3345 919 3406 Messalina
937 3351 966 3402 et
981 3339 1096 3401 Narcis-

98 3445 146 3487 sus
163 3428 380 3507 conspirassent
396 3429 537 3508 perdere,
554 3429 652 3490 divisis
668 3429 814 3510 partibus,
832 3427 906 3490 alter
923 3435 988 3487 anta
1004 3426 1099 3485 lucem

97 3511 198 3573 similis
219 3513 358 3591 attonito,
380 3515 495 3592 patroni
519 3513 680 3577 cubiculum
703 3515 828 3594 inrupit,
853 3514 998 3575 affirmans
1023 3526 1097 3569 som·
