2334 3870
537 219 641 268 muro.
1028 217 1086 278 191

93 371 172 448 nior,
193 370 338 432 Britannia
355 371 551 452 Armeniaque
566 375 671 435 amissa
686 392 721 435 ac
743 395 842 437 rursus
865 387 984 460 utraque
1003 400 1087 443 rece-

94 465 151 535 pta,
168 455 332 516 defunctum
347 474 380 515 se
395 455 530 516 fatalibus
545 457 626 518 malis
643 460 834 521 existimabat.
867 462 906 524 Ut
920 481 1002 544 vero,
1019 480 1086 526 con·

93 540 167 599 sulto
183 539 307 619 Delphis
327 539 483 618 Apolline,
511 545 774 621 septuagensimum
796 562 831 605 ao
850 547 964 607 tertium
985 566 1088 610 aunum

92 624 250 684 cavendum
272 623 326 683 sibi
347 623 469 701 audivit,
490 627 570 705 quasi
593 643 629 686 eo
650 627 762 690 demum
789 629 932 708 obiturus,
960 648 994 691 ac
1018 633 1087 692 nihil

66 709 261 769 ceoniectaus
282 708 317 767 de
341 716 434 768 aetate
451 708 577 786 Galbae,
601 718 677 771 tanta
698 712 801 774 fiducia
821 733 879 775 non
896 715 983 775 modo
1005 732 1087 776 sene·
1160 708 1164 746 ³

92 805 166 854 ctam
187 792 239 852 sed
262 793 346 851 etiam
367 802 537 872 perpetuam
557 795 788 876 singularemque
811 801 945 879 concepit
964 799 1088 860 felicita·

90 887 167 953 tem,
189 885 219 936 ut
236 876 348 936 amissis
368 878 520 955 naufragio
536 880 751 957 pretiosissimis
766 881 853 941 rebus
867 901 925 943 non
940 882 1087 944 dubitave-

91 963 127 1022 rit
143 963 216 1020 inter
231 978 300 1020 suos
317 961 431 1038 dicere,
445 962 551 1039 pisces
567 979 623 1023 eos
638 961 701 1023 sibi
712 965 880 1025 relatores.
1160 1035 1166 1040 ‚.

150 1044 275 1123 Neapoli
291 1044 327 1104 de
341 1054 419 1105 motu
433 1045 587 1108 Galliarum
601 1051 740 1124 cognovit
754 1049 802 1109 die
816 1051 881 1128 ipso
897 1067 953 1127 quo
970 1059 1089 1110 matrem
1160 1066 1162 1069 ·

55 1129 254 1206 tooociderat,
279 1129 411 1207 adeoque
434 1131 511 1191 lente
533 1149 567 1192 ao
589 1149 695 1191 secure
714 1134 777 1193 tulit
791 1142 821 1192 ut
836 1133 988 1210 gaudentis
1004 1135 1090 1193 etiam
1160 1200 1163 1205 ,

90 1215 280 1293 suspitionem
301 1213 468 1291 praeberet,
496 1225 637 1294 tamquam
661 1220 817 1278 occasione
838 1226 904 1278 nata
924 1217 1087 1298 spolianda·

89 1317 152 1359 rum
172 1298 233 1356 iure
254 1296 324 1355 belli
345 1298 625 1374 opulentissimarum
640 1305 866 1377 provinciarum
890 1305 1042 1382 statimque
1060 1302 1088 1360 in

92 1382 271 1460 gymnasium
285 1396 477 1455 progressus,
497 1382 633 1439 certantis
654 1382 777 1443 athletas
800 1386 972 1445 effusissimo
994 1384 1089 1444 studio

93 1463 246 1544 spectavit.
279 1459 393 1521 (laeuae
416 1479 532 1540 quoque
554 1471 686 1540 ternpore
711 1465 911 1543 interpellatus
937 1466 1089 1525 tumultuo-

57 1546 217 1616 15sioribus
237 1546 357 1620 litteris,
384 1545 522 1605 hactenus
545 1544 717 1621 excanduit,
740 1556 770 1605 ut
791 1548 894 1606 malum
916 1549 952 1607 iis
975 1548 1022 1627 qui
1041 1547 1090 1606 de·

93 1634 217 1694 scissent
242 1632 406 1689 minaretur.
448 1628 580 1709 Denique
603 1647 657 1707 per
679 1638 746 1690 octo
771 1633 922 1691 continuos
944 1631 1006 1691 dies
1032 1647 1089 1689 non

92 1716 258 1779 rescribere
276 1716 421 1794 cuiquam,
443 1732 501 1774 non
517 1713 651 1774 mandare
668 1714 735 1793 quid
751 1723 799 1775 aut
816 1716 987 1794 praecipere
1004 1731 1089 1774 cona-

92 1813 154 1878 tus,
178 1818 239 1860 rem
259 1800 373 1860 silentio
397 1799 583 1860 oblitteravit.
612 1798 723 1859 Edictis
744 1798 859 1859 tandem
876 1799 1006 1859 Vindicis
1022 1813 1130 1867 con-41

91 1885 252 1947 tumeliosis
269 1892 298 1943 et
316 1883 514 1963 frequentibus
536 1892 698 1962 permotus,
722 1892 851 1943 senatum
868 1883 991 1961 epistula
1005 1883 1033 1942 iu
1050 1880 1090 1941 ul-

54 1973 199 2032 actionem
216 1969 259 2027 sui
274 1969 374 2048 reique
392 1968 527 2046 publicae
543 1967 709 2028 adhortatus
722 1978 776 2043 est,
794 1975 932 2028 excusato
947 1967 1090 2045 languore

92 2055 234 2129 faucium,
255 2061 377 2130 propter
391 2068 476 2129 quem
487 2069 545 2111 nou
563 2051 687 2111 adesset.
718 2051 795 2110 Nihil
818 2061 911 2112 autem
929 2070 1023 2131 aeque
1040 2051 1089 2110 do·

92 2139 161 2214 luit,
185 2155 269 2217 quam
294 2144 323 2194 ut
337 2134 441 2194 malum
461 2153 493 2194 se
512 2134 707 2196 citharoedum
725 2137 897 2214 increpitum
913 2155 947 2196 ac
963 2152 1017 2214 pro
1032 2134 1089 2194 Ne·

92 2241 165 2283 rone
186 2219 392 2280 Aenobarbum
413 2218 598 2297 appellatum.
641 2218 679 2278 Et
703 2236 807 2278 nomen
833 2219 947 2300 quidem
970 2217 1090 2296 gentile,

95 2305 173 2386 quod
196 2305 251 2364 sibi
272 2322 325 2383 per
342 2302 543 2363 contumeliam
567 2303 809 2380 exprobraretur,
833 2312 1044 2382 resumpturum
1059 2317 1091 2360 se

55 2391 246 2471 asprofessus
264 2396 323 2465 est,
347 2387 483 2465 deposito
502 2385 655 2465 adoptivo,
679 2395 777 2447 cetera
799 2388 940 2464 convitia,
963 2396 993 2445 ut
1007 2384 1091 2461 falsa,

95 2493 154 2535 non
170 2473 226 2533 alio
243 2480 412 2549 argumento
427 2470 600 2547 refellebat,
619 2489 704 2550 quam
719 2471 796 2550 quod
813 2474 897 2532 etiam
910 2471 1023 2530 inscitia
1037 2467 1093 2528 sibi

95 2567 173 2620 tanto
198 2575 289 2636 opere
312 2556 478 2621 elaboratae
500 2555 709 2635 perfectaeque
731 2574 747 2616 a
769 2573 801 2615 se
825 2556 894 2616 artis
917 2556 1091 2632 obiceretur,

95 2642 225 2720 singulos
248 2640 369 2700 subinde
384 2641 531 2718 rogitans,
553 2645 717 2700 nossentne
732 2657 911 2719 quemquam
923 2643 1090 2718 praestan·

96 2729 212 2789 tiorem.
256 2724 315 2785 Sed
336 2724 504 2803 urgentibus
523 2723 587 2784 aliis
608 2742 697 2802 super
723 2724 796 2784 alios
823 2724 944 2798 nuntiis,
970 2723 1092 2784 Romam

56 2830 85 2872 ao
96 2810 298 2892 praetrepidus
314 2809 399 2869 rediit
408 2833 415 2879 ;
432 2808 593 2886 leviterque
609 2807 695 2869 modo
711 2808 739 2866 fn
753 2809 856 2868 itinere
872 2807 979 2867 frivolo
998 2806 1092 2884 auspi·

97 2900 143 2957 cio
161 2902 256 2955 mente
278 2902 427 2969 recreata,
452 2912 515 2954 cum
531 2891 696 2953 adnotasset
716 2892 890 2969 insculptum
910 2897 1092 2951 monumento

95 2981 212 3041 militem
228 2977 338 3039 Gallum
362 2977 398 3038 ab
423 2979 518 3057 equite
538 2976 575 3037 R.
601 2995 775 3055 oppressum
795 2976 868 3036 trahi
890 2974 1033 3049 crinibus,
1058 2969 1094 3031 ad

97 3085 160 3127 eam
176 3063 305 3142 speciem
321 3062 419 3121 exiluit
436 3059 542 3138 gaudio
559 3061 727 3140 caelumque
743 3059 881 3120 adoravit.
911 3060 956 3120 llo
972 3076 1009 3117 ne
1026 3064 1093 3116 tuuc

97 3149 211 3230 quidem
232 3155 279 3206 aut
300 3155 401 3207 senatu
417 3154 463 3206 aut
481 3144 591 3223 populo
612 3161 709 3204 eoram
730 3144 895 3223 appellato,
919 3140 1093 3222 quosdame

59 3254 88 3296 ac
97 3231 269 3314 primoribus
291 3233 359 3291 viris
384 3229 497 3290 domum
518 3230 668 3305 evocavit,
689 3237 891 3308 transactaque
906 3226 1009 3307 raptim
1025 3241 1078 3284 cor

97 3318 266 3394 saltatione,
290 3315 431 3395 reliquam
447 3315 503 3375 diei
522 3322 631 3392 partem
646 3330 699 3392 per
716 3330 826 3390 organa
843 3312 1010 3387 hydraulica
1025 3326 1086 3368 nor*

97 3412 127 3463 et
142 3403 235 3481 ignoti
248 3402 366 3478 generis
386 3398 590 3474 circumduxit,
613 3397 828 3476 ostendensque
844 3395 975 3474 singula,
997 3393 1032 3454 de
1048 3411 1081 3453 ra

98 3488 176 3540 *dmm
191 3504 226 3547 pn
242 3484 405 3540 diffinnltqt:
430 3486 563 3532 errirramrfl
578 3481 734 3543 tiiouopona¹
762 3481 814 3524 'nm
840 3499 869 3524 re·
884 3481 969 3536 utimar,
986 3475 1077 3532 nt'td'!
