2334 3870
498 178 670 227 ursmarus.
1056 166 1098 231 89

98 331 187 412 polim
205 330 258 392 sub
279 300 470 411 inruptionem
487 331 578 393 bostis
597 333 742 411 nauigium
762 332 836 394 clam
857 333 983 410 petentis
998 335 1097 411 uagitu

99 433 151 476 suo
172 432 263 496 paene
283 415 329 477 bis
350 415 491 496 prodidit,
515 416 605 479 semel
620 435 684 478 cum
700 418 851 478 auctricis
866 414 972 494 ubere,
993 419 1096 478 iterum

101 517 163 560 cum
180 500 273 563 asma
288 502 386 561 matris
408 501 512 580 raptim
530 500 691 562 auferretur
706 500 741 562 ab
756 503 806 580 iis,
829 501 877 580 qui
899 516 952 578 pro
969 503 1096 563 necessi·

100 593 155 645 tate
171 586 310 665 temporis
326 583 511 645 mulierculas
526 584 625 645 levare
643 604 732 647 onere
749 582 973 665 temptabam?N
981 582 1038 646 Per
1054 586 1096 646 Si·

74 669 190 730 acilium
203 687 318 748 quoque
335 677 364 729 et
379 687 432 747 per
440 667 579 728 Achaiam
590 670 806 749 circumductus,
818 687 854 730 ac
862 667 1099 730 Lacedaemoniis

96 753 226 831 publice,
244 752 320 831 quod
333 755 361 812 in
376 752 466 813 tutela
483 749 666 813 Claudiorum
681 763 771 831 erant,
787 752 982 831 demandatus,
1002 751 1097 830 digre-

98 837 180 897 diens
202 835 267 896 inde
287 837 389 898 itinere
405 846 545 898 nocturno
563 836 716 897 discrimen
732 838 807 896 uitae
822 837 904 914 adiit,
926 837 1039 898 bamma
1052 854 1098 897 re·

99 929 186 1000 pente
209 940 226 993 o
248 920 339 1002 siluisp
350 921 474 1003 undique
497 931 614 999 exorta,
642 920 773 1000 adeoque
800 937 911 979 omnem
936 923 1098 983 comitatum

98 1004 309 1084 ctreumplexa,
321 1006 361 1066 'ut
380 1005 479 1066 Liviae
502 1025 570 1086 pars
592 1008 681 1066 vestis
704 1013 735 1066 et
754 1002 855 1084 capilli
873 1003 1097 1065 amburerentur.

61 1089 229 1167 tollunera,
253 1089 354 1169 quibus
370 1107 386 1150 a
403 1090 555 1170 Pompeia,
580 1090 649 1151 Sex.
669 1090 790 1169 Pompei
807 1104 928 1164 sorore,
952 1089 980 1147 in
1001 1088 1099 1148 Sicilia

96 1173 216 1234 donatus
232 1182 285 1251 est,
302 1174 401 1234 clamis
419 1184 449 1235 et
462 1175 550 1255 fibula
564 1178 631 1236 item
643 1173 739 1235 bullae
755 1190 871 1249 aureae,
888 1171 989 1232 durant
1003 1179 1098 1232 osten·

96 1257 254 1337 dunturque
270 1258 362 1328 adbuc
374 1258 450 1319 Bais.
463 1256 546 1329 pl‘ost
560 1260 681 1320 reditum
695 1261 724 1320 in
739 1258 840 1320 urbem
855 1275 871 1317 a
886 1255 925 1318 tt.
942 1255 1035 1318 Gallio
1051 1273 1096 1316 se·

96 1351 196 1400 natore
208 1349 381 1399 testamento
393 1341 554 1418 adoptatus,
561 1342 722 1403 hereditate
739 1342 813 1403 adita
825 1359 893 1402 mox
905 1345 1019 1402 nomine
1031 1341 1095 1402 abs·

98 1425 192 1497 tinuit,
209 1421 286 1500 quod
299 1421 407 1481 Gallius
424 1422 609 1497 adversarum
623 1423 755 1498 Augusto
772 1426 895 1501 partium
912 1424 1014 1485 iuerat.

63 1528 89 1566 m
161 1503 274 1565 Novem
285 1513 368 1564 uatus
380 1502 649 1565 annos'deiunctum
660 1513 771 1580 patrem
782 1522 835 1581 pro
849 1507 950 1563 rostris
961 1506 1097 1565 laudauit.

98 1587 210 1649 Dehinc
232 1586 397 1667 pubescens
412 1588 534 1648 Actiaco
550 1587 691 1666 triumpho
712 1604 833 1646 currum*
844 1586 966 1662 Augusti
982 1590 1097 1649 comita·

99 1682 143 1732 tus
159 1681 204 1732 est
219 1672 502 1733 sinisterioresunali
518 1690 604 1753 equo,
622 1690 685 1732 cum
699 1670 854 1733 blarcellus
870 1668 1009 1731 Octaviae
1024 1671 1098 1732 illius

98 1755 264 1817 dexteriore
279 1757 444 1817 veheretur.
488 1756 638 1818 Praecedit
652 1765 682 1817 et
696 1757 794 1817 asticis
809 1754 898 1831 ludis,
917 1763 946 1814 et
961 1754 1098 1816 Troiam*

98 1839 286 1918 circensibus,
303 1842 404 1902 ductor
417 1851 526 1902 turmae
539 1859 692 1922 puerorum
708 1842 854 1901 maiorum.

60 1947 88 1988 ro
101 1964 110 1997 α,
124 1926 246 1999 savum
261 1934 313 2005 tog
346 1935 474 2006 sumpta,
493 1926 716 1988 adulescentiam
733 1943 845 1986 omnem
860 1925 1039 2005 spatiumque
1056 1926 1124 1985 inl

97 2010 245 2090 sequentis
271 2022 305 2069 a'e
347 2009 381 2081 ,is
397 2028 488 2088 usque
513 2010 548 2071 ad
570 2013 748 2090 principatus
771 2011 849 2070 initia
869 2027 922 2087 per
939 2010 1014 2072 baec
1032 2009 1097 2070 fere

96 2095 249 2170 transegit.
277 2092 378 2154 liunus
393 2093 593 2171 gladiatorium
607 2097 636 2154 in
650 2096 814 2156 memoriam
831 2094 920 2173 patris
934 2103 963 2154 et
977 2094 1097 2156 alterum

96 2181 125 2238 in
141 2179 187 2237 avi
200 2176 287 2237 Drusi
309 2176 402 2254 dedit,
423 2176 546 2237 diversis
567 2179 743 2257 temporibus
767 2197 801 2239 ac
823 2179 912 2254 locis,
936 2180 1054 2257 primum
1068 2180 1097 2238 in

96 2263 179 2338 soro,
198 2262 353 2322 secundum
371 2261 399 2321 in
417 2260 641 2340 amphitheatro,
663 2263 783 2323 rudiaris
802 2280 916 2343 quoque
931 2261 1098 2342 quibusdam

60 2347 244 2407 ttrevocatis
260 2355 475 2407 auctoramento
492 2355 642 2406 centenmn
656 2347 776 2416 milium;
792 2347 869 2407 dedit
885 2355 914 2406 et
928 2345 1027 2423 ludos,
1046 2345 1098 2406 sed

98 2429 218 2491 absens:
235 2439 338 2491 cuncta
352 2432 522 2508 magnifice,
537 2432 658 2509 inpensa
671 2432 769 2492 matris
785 2450 819 2492 ac
835 2431 938 2492 vitrici.

159 2513 360 2594 Agrippinam,
374 2515 473 2575 blarco
489 2513 622 2594 Agrippa
638 2518 774 2594 genitam,
790 2524 907 2595 neptem
922 2513 1032 2576 Gaecili
1045 2514 1097 2576 At·

96 2600 148 2683 tici
161 2600 265 2681 equitis
272 2600 307 2661 ll.
316 2599 351 2681 ad
369 2618 453 2678 quem
468 2598 690 2660 suntciceronis
706 2600 859 2679 epistolae,
874 2600 952 2661 duxit
962 2616 1095 2671 uxorem;

96 2678 268 2763 sublatoque
285 2703 323 2744 ex
344 2702 378 2744 ea
393 2683 452 2745 lilio
469 2683 579 2761 Druso,
605 2702 764 2764 quanquam
781 2683 858 2744 bene
878 2684 1098 2745 convenientem

60 2787 86 2829 so
97 2785 254 2847 rursusque
275 2767 424 2845 gravidam
446 2768 602 2846 dimittere,
625 2787 660 2830 ac
673 2768 773 2830 lulium
787 2769 912 2847 Augusti
929 2767 1015 2828 lulium
1029 2785 1096 2829 con·
1136 2786 1151 2802 ’-

96 2852 193 2913 lestim
209 2861 327 2913 coactus
343 2861 387 2912 est
403 2852 521 2930 ducere,
534 2871 591 2913 non
606 2854 668 2913 sine
682 2872 787 2932 magno
801 2871 910 2930 angore
927 2852 1021 2929 animi,
1034 2870 1097 2912 cum

97 2945 126 2996 et
140 2935 320 3015 Agrippinae
336 2936 543 2998 consuetudine
559 2946 705 2998 teneretur
725 2947 754 2996 et
770 2937 860 2998 luliae
880 2954 976 2996 mores
992 2936 1097 3015 impro-

95 3020 193 3090 baret;
216 3029 343 3100 utquam
357 3022 497 3080 sensisset
511 3023 555 3081 sui
570 3040 684 3102 quoque
706 3021 759 3082 sub
775 3023 873 3101 priore
888 3021 991 3080 marito
1008 3038 1096 3099 appe-

95 3113 217 3182 tentem,
233 3103 309 3183 quod
324 3123 393 3164 sane
410 3106 495 3167 etiam
510 3105 599 3183 vulgo
616 3105 839 3167 existimabatur.
885 3105 943 3166 Sed
957 3103 1095 3183 Agrippi·

58 3207 160 3249 aunam
181 3197 211 3249 et
231 3186 367 3266 abegisse
387 3199 455 3268 post
472 3189 622 3251 divortium
643 3191 746 3265 doluit,
769 3200 798 3251 et
819 3189 910 3251 semel
928 3190 1041 3251 omnino
1057 3206 1095 3248 ex

95 3291 218 3334 occursu
235 3273 325 3333 visam
341 3273 414 3334 adeo
431 3275 573 3335 contentis
590 3283 619 3336 et
632 3274 792 3336 umentibus
812 3275 904 3337 oculis
924 3281 1095 3353 prosecutus

95 3367 154 3431 est,
181 3366 211 3417 ut
232 3357 411 3419 custoditum.
423 3361 460 3418 sit
478 3377 516 3419 ne
538 3377 667 3439 umquam
682 3359 710 3420 in
727 3368 914 3441 conspectum
931 3359 958 3417 ei
972 3358 1095 3437 postba'c

94 3443 217 3503 veniret.
263 3439 332 3502 Gum
346 3442 418 3505 lulla
433 3444 525 3525 primo
541 3444 725 3506 concorditer
740 3452 770 3505 et
785 3461 882 3506 amore
900 3451 995 3503 mutuo
1007 3439 1093 3510 visit:
