<?xml version="1.0" encoding="UTF-8"?>
<!DOCTYPE html PUBLIC "-//W3C//DTD XHTML 1.0 Transitional//EN"
    "http://www.w3.org/TR/xhtml1/DTD/xhtml1-transitional.dtd">
<html xmlns="http://www.w3.org/1999/xhtml" xml:lang="en" lang="en">
 <head>
  <title>
</title>
<meta http-equiv="Content-Type" content="text/html;charset=utf-8" />
  <meta name='ocr-system' content='tesseract 3.04.00' />
  <meta name='ocr-capabilities' content='ocr_page ocr_carea ocr_par ocr_line ocrx_word'/>
</head>
<body>
  <div class='ocr_page' id='page_1' title='image "./csuetonitranqui00trangoog_0328.png"; bbox 0 0 2334 3870; ppageno 0'>
   <div class='ocr_carea' id='block_1_1' title="bbox 351 181 1086 270">
    <p class='ocr_par' dir='ltr' id='par_1_1' title="bbox 351 181 1086 270">
     <span class='ocr_line' id='line_1_1' title="bbox 351 181 1086 270; baseline 0.004 -4"><span class='ocrx_word' id='word_1_1' title='bbox 351 181 353 184; x_wconf 7' lang='grc' dir='ltr'><em>Α</em></span> <span class='ocrx_word' id='word_1_2' title='bbox 451 218 738 268; x_wconf 79' lang='lat' dir='ltr'>vrrunurus.</span> <span class='ocrx_word' id='word_1_3' title='bbox 1025 209 1086 270; x_wconf 80' lang='lat'>217</span> 
     </span>
    </p>
   </div>
   <div class='ocr_carea' id='block_1_2' title="bbox 54 373 1123 3398">
    <p class='ocr_par' dir='ltr' id='par_1_2' title="bbox 67 373 1089 963">
     <span class='ocr_line' id='line_1_2' title="bbox 90 373 1086 457; baseline -0.005 -16"><span class='ocrx_word' id='word_1_4' title='bbox 90 380 191 455; x_wconf 87' lang='lat' dir='ltr'>tenuit,</span> <span class='ocrx_word' id='word_1_5' title='bbox 209 375 279 440; x_wconf 87' lang='lat' dir='ltr'>Gaio</span> <span class='ocrx_word' id='word_1_6' title='bbox 296 394 350 457; x_wconf 89' lang='lat' dir='ltr'>per</span> <span class='ocrx_word' id='word_1_7' title='bbox 366 374 528 452; x_wconf 78' lang='lat' dir='ltr'>aurigandi,</span> <span class='ocrx_word' id='word_1_8' title='bbox 551 373 670 436; x_wconf 90' lang='lat' dir='ltr'>Glaudio</span> <span class='ocrx_word' id='word_1_9' title='bbox 690 392 745 454; x_wconf 90' lang='lat' dir='ltr'>per</span> <span class='ocrx_word' id='word_1_10' title='bbox 765 374 847 435; x_wconf 90' lang='lat' dir='ltr'>aleae</span> <span class='ocrx_word' id='word_1_11' title='bbox 867 375 988 435; x_wconf 90' lang='lat' dir='ltr'>studium</span> <span class='ocrx_word' id='word_1_12' title='bbox 1006 375 1086 436; x_wconf 91' lang='lat' dir='ltr'>iami-</span> 
     </span>
     <span class='ocr_line' id='line_1_3' title="bbox 92 459 1086 541; baseline -0.005 -16"><span class='ocrx_word' id='word_1_13' title='bbox 92 466 182 541; x_wconf 91' lang='lat' dir='ltr'>liaris,</span> <span class='ocrx_word' id='word_1_14' title='bbox 200 461 252 523; x_wconf 89' lang='lat' dir='ltr'>sed</span> <span class='ocrx_word' id='word_1_15' title='bbox 271 461 416 539; x_wconf 92' lang='lat' dir='ltr'>aliquanto</span> <span class='ocrx_word' id='word_1_16' title='bbox 439 459 549 519; x_wconf 86' lang='lat' dir='ltr'><strong>Neroni</strong></span> <span class='ocrx_word' id='word_1_17' title='bbox 570 461 734 539; x_wconf 82' lang='lat' dir='ltr'><strong>acceptior,</strong></span> <span class='ocrx_word' id='word_1_18' title='bbox 763 477 826 518; x_wconf 91' lang='lat' dir='ltr'>cum</span> <span class='ocrx_word' id='word_1_19' title='bbox 846 468 967 539; x_wconf 90' lang='lat' dir='ltr'>propter</span> <span class='ocrx_word' id='word_1_20' title='bbox 987 459 1086 520; x_wconf 86' lang='lat' dir='ltr'>eadem</span> 
     </span>
     <span class='ocr_line' id='line_1_4' title="bbox 92 542 1086 626; baseline -0.004 -17"><span class='ocrx_word' id='word_1_21' title='bbox 92 549 174 626; x_wconf 87' lang='lat' dir='ltr'>haec,</span> <span class='ocrx_word' id='word_1_22' title='bbox 190 556 247 607; x_wconf 95' lang='lat' dir='ltr'>tum</span> <span class='ocrx_word' id='word_1_23' title='bbox 262 546 403 626; x_wconf 84' lang='lat' dir='ltr'>peculiari</span> <span class='ocrx_word' id='word_1_24' title='bbox 419 545 538 620; x_wconf 88' lang='lat' dir='ltr'>merito,</span> <span class='ocrx_word' id='word_1_25' title='bbox 555 544 631 622; x_wconf 93' lang='lat' dir='ltr'>quod</span> <span class='ocrx_word' id='word_1_26' title='bbox 646 543 816 622; x_wconf 81' lang='lat' dir='ltr'>praesidens</span> <span class='ocrx_word' id='word_1_27' title='bbox 834 546 980 604; x_wconf 79' lang='lat' dir='ltr'>certamini</span> <span class='ocrx_word' id='word_1_28' title='bbox 994 542 1086 606; x_wconf 88' lang='lat' dir='ltr'>Nero·</span> 
     </span>
     <span class='ocr_line' id='line_1_5' title="bbox 93 627 1087 710; baseline -0.006 -16"><span class='ocrx_word' id='word_1_29' title='bbox 93 652 163 710; x_wconf 88' lang='lat' dir='ltr'>neo,</span> <span class='ocrx_word' id='word_1_30' title='bbox 185 632 349 709; x_wconf 89' lang='lat' dir='ltr'>cupientem</span> <span class='ocrx_word' id='word_1_31' title='bbox 366 631 442 688; x_wconf 92' lang='lat' dir='ltr'>inter</span> <span class='ocrx_word' id='word_1_32' title='bbox 465 628 650 688; x_wconf 86' lang='lat' dir='ltr'>citharoedos</span> <span class='ocrx_word' id='word_1_33' title='bbox 670 627 861 705; x_wconf 83' lang='lat' dir='ltr'>contendere,</span> <span class='ocrx_word' id='word_1_34' title='bbox 883 646 938 687; x_wconf 92' lang='lat' dir='ltr'>nec</span> <span class='ocrx_word' id='word_1_35' title='bbox 959 629 1087 706; x_wconf 85' lang='lat' dir='ltr'>quamuis</span> 
     </span>
     <span class='ocr_line' id='line_1_6' title="bbox 67 711 1089 794; baseline -0.004 -20"><span class='ocrx_word' id='word_1_36' title='bbox 67 715 287 794; x_wconf 80' lang='lat' dir='ltr'>silagitantibus</span> <span class='ocrx_word' id='word_1_37' title='bbox 306 714 416 773; x_wconf 89' lang='lat' dir='ltr'>cunctis</span> <span class='ocrx_word' id='word_1_38' title='bbox 438 713 607 792; x_wconf 81' lang='lat' dir='ltr'>promittere</span> <span class='ocrx_word' id='word_1_39' title='bbox 625 711 775 771; x_wconf 92' lang='lat' dir='ltr'>audentem</span> <span class='ocrx_word' id='word_1_40' title='bbox 792 712 918 792; x_wconf 92' lang='lat' dir='ltr'>ideoque</span> <span class='ocrx_word' id='word_1_41' title='bbox 935 729 1089 788; x_wconf 89' lang='lat' dir='ltr'>egressum</span> 
     </span>
     <span class='ocr_line' id='line_1_7' title="bbox 90 797 1088 876; baseline -0.007 -15"><span class='ocrx_word' id='word_1_42' title='bbox 90 802 204 861; x_wconf 91' lang='lat' dir='ltr'>theatro</span> <span class='ocrx_word' id='word_1_43' title='bbox 218 807 420 874; x_wconf 89' lang='lat' dir='ltr'>revocaverat,</span> <span class='ocrx_word' id='word_1_44' title='bbox 433 798 513 876; x_wconf 90' lang='lat' dir='ltr'>quasi</span> <span class='ocrx_word' id='word_1_45' title='bbox 527 797 742 874; x_wconf 90' lang='lat' dir='ltr'>perseverantis</span> <span class='ocrx_word' id='word_1_46' title='bbox 754 797 855 875; x_wconf 95' lang='lat' dir='ltr'>populi</span> <span class='ocrx_word' id='word_1_47' title='bbox 866 797 1014 874; x_wconf 82' lang='lat' dir='ltr'>legatione</span> <span class='ocrx_word' id='word_1_48' title='bbox 1026 813 1088 856; x_wconf 90' lang='lat' dir='ltr'>sus-</span> 
     </span>
     <span class='ocr_line' id='line_1_8' title="bbox 93 879 635 963; baseline -0.011 -19"><span class='ocrx_word' id='word_1_49' title='bbox 93 894 189 963; x_wconf 87' lang='lat' dir='ltr'>cepta,</span> <span class='ocrx_word' id='word_1_50' title='bbox 206 881 438 960; x_wconf 83' lang='lat' dir='ltr'>exorandumque</span> <span class='ocrx_word' id='word_1_51' title='bbox 452 879 635 959; x_wconf 86' lang='lat' dir='ltr'>praebuerat.</span> 
     </span>
    </p>

    <p class='ocr_par' dir='ltr' id='par_1_3' title="bbox 92 963 1120 1128">
     <span class='ocr_line' id='line_1_9' title="bbox 154 963 1120 1044; baseline -0.003 -17"><span class='ocrx_word' id='word_1_52' title='bbox 154 966 250 1027; x_wconf 85' lang='lat' dir='ltr'>Trium</span> <span class='ocrx_word' id='word_1_53' title='bbox 268 969 362 1044; x_wconf 88' lang='lat' dir='ltr'>itaque</span> <span class='ocrx_word' id='word_1_54' title='bbox 377 967 538 1044; x_wconf 88' lang='lat' dir='ltr'>principum</span> <span class='ocrx_word' id='word_1_55' title='bbox 553 963 731 1040; x_wconf 83' lang='lat' dir='ltr'>indulgentia</span> <span class='ocrx_word' id='word_1_56' title='bbox 746 980 803 1022; x_wconf 95' lang='lat' dir='ltr'>non</span> <span class='ocrx_word' id='word_1_57' title='bbox 823 963 914 1023; x_wconf 90' lang='lat' dir='ltr'>solum</span> <span class='ocrx_word' id='word_1_58' title='bbox 930 964 1088 1024; x_wconf 81' lang='lat' dir='ltr'>honoribus</span> <span class='ocrx_word' id='word_1_59' title='bbox 1104 973 1120 1024; x_wconf 79' lang='lat'>5</span> 
     </span>
     <span class='ocr_line' id='line_1_10' title="bbox 92 1047 1089 1128; baseline -0.003 -18"><span class='ocrx_word' id='word_1_60' title='bbox 92 1069 191 1110; x_wconf 90' lang='lat' dir='ltr'>verum</span> <span class='ocrx_word' id='word_1_61' title='bbox 208 1059 237 1109; x_wconf 89' lang='lat' dir='ltr'>et</span> <span class='ocrx_word' id='word_1_62' title='bbox 250 1049 422 1110; x_wconf 87' lang='lat' dir='ltr'>sacerdotiis</span> <span class='ocrx_word' id='word_1_63' title='bbox 436 1048 619 1128; x_wconf 86' lang='lat' dir='ltr'>amplissimis</span> <span class='ocrx_word' id='word_1_64' title='bbox 634 1055 744 1124; x_wconf 86' lang='lat' dir='ltr'>auctus,</span> <span class='ocrx_word' id='word_1_65' title='bbox 764 1048 999 1126; x_wconf 89' lang='lat' dir='ltr'>proconsulatum</span> <span class='ocrx_word' id='word_1_66' title='bbox 1012 1047 1089 1107; x_wconf 84' lang='lat' dir='ltr'>Airi-</span> 
     </span>
    </p>

    <p class='ocr_par' dir='ltr' id='par_1_4' title="bbox 54 1131 1090 1543">
     <span class='ocr_line' id='line_1_11' title="bbox 54 1131 1089 1214; baseline -0.007 -17"><span class='ocrx_word' id='word_1_67' title='bbox 54 1153 145 1197; x_wconf 77' lang='lat' dir='ltr'>socae</span> <span class='ocrx_word' id='word_1_68' title='bbox 168 1143 235 1214; x_wconf 93' lang='lat' dir='ltr'>post</span> <span class='ocrx_word' id='word_1_69' title='bbox 256 1135 329 1194; x_wconf 87' lang='lat' dir='ltr'>baec</span> <span class='ocrx_word' id='word_1_70' title='bbox 349 1152 504 1212; x_wconf 91' lang='lat' dir='ltr'>curamque</span> <span class='ocrx_word' id='word_1_71' title='bbox 525 1151 647 1212; x_wconf 92' lang='lat' dir='ltr'>operum</span> <span class='ocrx_word' id='word_1_72' title='bbox 669 1131 850 1210; x_wconf 92' lang='lat' dir='ltr'>publicorum</span> <span class='ocrx_word' id='word_1_73' title='bbox 871 1132 1089 1209; x_wconf 86' lang='lat' dir='ltr'>administravit,</span> 
     </span>
     <span class='ocr_line' id='line_1_12' title="bbox 92 1215 1089 1297; baseline -0.003 -18"><span class='ocrx_word' id='word_1_74' title='bbox 92 1229 121 1280; x_wconf 92' lang='lat' dir='ltr'>et</span> <span class='ocrx_word' id='word_1_75' title='bbox 132 1219 278 1278; x_wconf 91' lang='lat' dir='ltr'>voluntate</span> <span class='ocrx_word' id='word_1_76' title='bbox 292 1218 399 1296; x_wconf 90' lang='lat' dir='ltr'>dispari</span> <span class='ocrx_word' id='word_1_77' title='bbox 415 1227 444 1277; x_wconf 88' lang='lat' dir='ltr'>et</span> <span class='ocrx_word' id='word_1_78' title='bbox 456 1220 677 1278; x_wconf 86' lang='lat' dir='ltr'>existimatione.</span> <span class='ocrx_word' id='word_1_79' title='bbox 703 1215 735 1276; x_wconf 97' lang='lat' dir='ltr'>ln</span> <span class='ocrx_word' id='word_1_80' title='bbox 752 1217 901 1297; x_wconf 85' lang='lat' dir='ltr'>provincia</span> <span class='ocrx_word' id='word_1_81' title='bbox 913 1216 1089 1295; x_wconf 86' lang='lat' dir='ltr'>singularem</span> 
     </span>
     <span class='ocr_line' id='line_1_13' title="bbox 92 1301 1088 1377; baseline 0.001 -16"><span class='ocrx_word' id='word_1_82' title='bbox 92 1303 285 1361; x_wconf 89' lang='lat' dir='ltr'>innocentiam</span> <span class='ocrx_word' id='word_1_83' title='bbox 297 1303 439 1377; x_wconf 90' lang='lat' dir='ltr'>praestitit</span> <span class='ocrx_word' id='word_1_84' title='bbox 452 1301 567 1360; x_wconf 91' lang='lat' dir='ltr'>biennio</span> <span class='ocrx_word' id='word_1_85' title='bbox 580 1303 761 1377; x_wconf 88' lang='lat' dir='ltr'>continuato,</span> <span class='ocrx_word' id='word_1_86' title='bbox 776 1321 839 1362; x_wconf 92' lang='lat' dir='ltr'>cum</span> <span class='ocrx_word' id='word_1_87' title='bbox 851 1302 1019 1362; x_wconf 91' lang='lat' dir='ltr'>succedenti</span> <span class='ocrx_word' id='word_1_88' title='bbox 1032 1302 1088 1362; x_wconf 86' lang='lat' dir='ltr'>ira·</span> 
     </span>
     <span class='ocr_line' id='line_1_14' title="bbox 93 1382 1088 1464; baseline 0 -20"><span class='ocrx_word' id='word_1_89' title='bbox 93 1386 129 1445; x_wconf 88' lang='lat' dir='ltr'>tri</span> <span class='ocrx_word' id='word_1_90' title='bbox 140 1385 255 1460; x_wconf 84' lang='lat' dir='ltr'>legatus</span> <span class='ocrx_word' id='word_1_91' title='bbox 268 1382 458 1451; x_wconf 90' lang='lat' dir='ltr'>substitisset;</span> <span class='ocrx_word' id='word_1_92' title='bbox 474 1392 501 1441; x_wconf 89' lang='lat' dir='ltr'>at</span> <span class='ocrx_word' id='word_1_93' title='bbox 517 1385 546 1441; x_wconf 94' lang='lat' dir='ltr'>in</span> <span class='ocrx_word' id='word_1_94' title='bbox 564 1382 673 1442; x_wconf 88' lang='lat' dir='ltr'>urbano</span> <span class='ocrx_word' id='word_1_95' title='bbox 692 1384 789 1443; x_wconf 89' lang='lat' dir='ltr'>oiiroio</span> <span class='ocrx_word' id='word_1_96' title='bbox 812 1385 887 1444; x_wconf 90' lang='lat' dir='ltr'>dona</span> <span class='ocrx_word' id='word_1_97' title='bbox 907 1395 993 1464; x_wconf 90' lang='lat' dir='ltr'>atque</span> <span class='ocrx_word' id='word_1_98' title='bbox 1006 1403 1088 1445; x_wconf 91' lang='lat' dir='ltr'>orna·</span> 
     </span>
     <span class='ocr_line' id='line_1_15' title="bbox 94 1463 1090 1543; baseline -0.002 -16"><span class='ocrx_word' id='word_1_99' title='bbox 94 1478 189 1527; x_wconf 89' lang='lat' dir='ltr'>menta</span> <span class='ocrx_word' id='word_1_100' title='bbox 198 1466 371 1543; x_wconf 87' lang='lat' dir='ltr'>templorum</span> <span class='ocrx_word' id='word_1_101' title='bbox 384 1463 563 1542; x_wconf 91' lang='lat' dir='ltr'>subripuisse</span> <span class='ocrx_word' id='word_1_102' title='bbox 578 1474 607 1523; x_wconf 88' lang='lat' dir='ltr'>et</span> <span class='ocrx_word' id='word_1_103' title='bbox 622 1475 811 1524; x_wconf 89' lang='lat' dir='ltr'>commutasse</span> <span class='ocrx_word' id='word_1_104' title='bbox 824 1468 963 1542; x_wconf 89' lang='lat' dir='ltr'>quaedam</span> <span class='ocrx_word' id='word_1_105' title='bbox 975 1466 1090 1525; x_wconf 86' lang='lat' dir='ltr'>fereba-</span> 
     </span>
    </p>

    <p class='ocr_par' dir='ltr' id='par_1_5' title="bbox 58 1548 1090 1696">
     <span class='ocr_line' id='line_1_16' title="bbox 58 1548 1090 1629; baseline -0.004 -17"><span class='ocrx_word' id='word_1_106' title='bbox 58 1571 85 1613; x_wconf 79' lang='lat' dir='ltr'>ss</span> <span class='ocrx_word' id='word_1_107' title='bbox 95 1564 155 1628; x_wconf 94' lang='lat' dir='ltr'>tur,</span> <span class='ocrx_word' id='word_1_108' title='bbox 176 1567 286 1628; x_wconf 91' lang='lat' dir='ltr'>proque</span> <span class='ocrx_word' id='word_1_109' title='bbox 303 1567 372 1609; x_wconf 92' lang='lat' dir='ltr'>auro</span> <span class='ocrx_word' id='word_1_110' title='bbox 391 1557 419 1609; x_wconf 90' lang='lat' dir='ltr'>et</span> <span class='ocrx_word' id='word_1_111' title='bbox 439 1557 561 1625; x_wconf 88' lang='lat' dir='ltr'>argento</span> <span class='ocrx_word' id='word_1_112' title='bbox 578 1556 708 1606; x_wconf 90' lang='lat' dir='ltr'>stannum</span> <span class='ocrx_word' id='word_1_113' title='bbox 726 1556 754 1605; x_wconf 90' lang='lat' dir='ltr'>et</span> <span class='ocrx_word' id='word_1_114' title='bbox 772 1548 965 1608; x_wconf 90' lang='lat' dir='ltr'>aurichalcum</span> <span class='ocrx_word' id='word_1_115' title='bbox 983 1566 1090 1629; x_wconf 92' lang='lat' dir='ltr'>suppo-</span> 
     </span>
     <span class='ocr_line' id='line_1_17' title="bbox 96 1653 199 1696; baseline -0.039 0"><span class='ocrx_word' id='word_1_116' title='bbox 96 1653 199 1696; x_wconf 89' lang='lat' dir='ltr'>sursse.</span> 
     </span>
    </p>

    <p class='ocr_par' dir='ltr' id='par_1_6' title="bbox 95 1715 1123 1966">
     <span class='ocr_line' id='line_1_18' title="bbox 159 1715 1123 1794; baseline 0 -14"><span class='ocrx_word' id='word_1_117' title='bbox 159 1720 287 1780; x_wconf 84' lang='lat' dir='ltr'>Uxorem</span> <span class='ocrx_word' id='word_1_118' title='bbox 301 1716 399 1776; x_wconf 89' lang='lat' dir='ltr'>habuit</span> <span class='ocrx_word' id='word_1_119' title='bbox 410 1717 576 1778; x_wconf 87' lang='lat' dir='ltr'>Petroniam</span> <span class='ocrx_word' id='word_1_120' title='bbox 595 1715 755 1777; x_wconf 90' lang='lat' dir='ltr'>consularis</span> <span class='ocrx_word' id='word_1_121' title='bbox 772 1716 824 1775; x_wconf 91' lang='lat' dir='ltr'>viri</span> <span class='ocrx_word' id='word_1_122' title='bbox 836 1717 939 1794; x_wconf 90' lang='lat' dir='ltr'>liliam,</span> <span class='ocrx_word' id='word_1_123' title='bbox 960 1727 989 1777; x_wconf 89' lang='lat' dir='ltr'>et</span> <span class='ocrx_word' id='word_1_124' title='bbox 1005 1736 1090 1780; x_wconf 89' lang='lat' dir='ltr'>exea</span> <span class='ocrx_word' id='word_1_125' title='bbox 1105 1723 1123 1780; x_wconf 85' lang='grc'><strong>6</strong></span> 
     </span>
     <span class='ocr_line' id='line_1_19' title="bbox 95 1801 1092 1882; baseline 0 -17"><span class='ocrx_word' id='word_1_126' title='bbox 95 1806 181 1866; x_wconf 89' lang='lat' dir='ltr'>illium</span> <span class='ocrx_word' id='word_1_127' title='bbox 199 1803 400 1863; x_wconf 89' lang='lat' dir='ltr'>Petronianum</span> <span class='ocrx_word' id='word_1_128' title='bbox 425 1812 538 1882; x_wconf 91' lang='lat' dir='ltr'>captum</span> <span class='ocrx_word' id='word_1_129' title='bbox 556 1802 648 1863; x_wconf 89' lang='lat' dir='ltr'>altero</span> <span class='ocrx_word' id='word_1_130' title='bbox 670 1801 766 1861; x_wconf 93' lang='lat' dir='ltr'>oculo.</span> <span class='ocrx_word' id='word_1_131' title='bbox 806 1801 889 1862; x_wconf 92' lang='lat' dir='ltr'>Hunc</span> <span class='ocrx_word' id='word_1_132' title='bbox 913 1802 1052 1862; x_wconf 90' lang='lat' dir='ltr'>heredem</span> <span class='ocrx_word' id='word_1_133' title='bbox 1075 1821 1092 1865; x_wconf 92' lang='lat' dir='ltr'>a</span> 
     </span>
     <span class='ocr_line' id='line_1_20' title="bbox 95 1886 1090 1966; baseline -0.001 -17"><span class='ocrx_word' id='word_1_134' title='bbox 95 1897 185 1949; x_wconf 89' lang='lat' dir='ltr'>matre</span> <span class='ocrx_word' id='word_1_135' title='bbox 199 1886 251 1946; x_wconf 91' lang='lat' dir='ltr'>sub</span> <span class='ocrx_word' id='word_1_136' title='bbox 269 1886 440 1946; x_wconf 89' lang='lat' dir='ltr'>condicione</span> <span class='ocrx_word' id='word_1_137' title='bbox 452 1889 624 1963; x_wconf 90' lang='lat' dir='ltr'>institutum,</span> <span class='ocrx_word' id='word_1_138' title='bbox 647 1889 670 1946; x_wconf 94' lang='lat' dir='ltr'>si</span> <span class='ocrx_word' id='word_1_139' title='bbox 688 1887 723 1946; x_wconf 93' lang='lat' dir='ltr'>de</span> <span class='ocrx_word' id='word_1_140' title='bbox 744 1896 890 1964; x_wconf 91' lang='lat' dir='ltr'>potestate</span> <span class='ocrx_word' id='word_1_141' title='bbox 910 1888 998 1966; x_wconf 92' lang='lat' dir='ltr'>patris</span> <span class='ocrx_word' id='word_1_142' title='bbox 1016 1887 1090 1948; x_wconf 84' lang='lat' dir='ltr'>exis-</span> 
     </span>
    </p>

    <p class='ocr_par' dir='ltr' id='par_1_7' title="bbox 59 1970 1122 3398">
     <span class='ocr_line' id='line_1_21' title="bbox 59 1970 1090 2050; baseline -0.001 -18"><span class='ocrx_word' id='word_1_143' title='bbox 59 1992 85 2033; x_wconf 75' lang='lat' dir='ltr'>to</span> <span class='ocrx_word' id='word_1_144' title='bbox 96 1982 151 2050; x_wconf 91' lang='lat' dir='ltr'>set,</span> <span class='ocrx_word' id='word_1_145' title='bbox 164 1989 247 2030; x_wconf 90' lang='lat' dir='ltr'>manu</span> <span class='ocrx_word' id='word_1_146' title='bbox 260 1971 351 2029; x_wconf 91' lang='lat' dir='ltr'>emisit</span> <span class='ocrx_word' id='word_1_147' title='bbox 364 1970 515 2048; x_wconf 89' lang='lat' dir='ltr'>brevique,</span> <span class='ocrx_word' id='word_1_148' title='bbox 531 1982 561 2031; x_wconf 94' lang='lat' dir='ltr'>ut</span> <span class='ocrx_word' id='word_1_149' title='bbox 575 1972 712 2031; x_wconf 89' lang='lat' dir='ltr'>creditum</span> <span class='ocrx_word' id='word_1_150' title='bbox 722 1981 781 2048; x_wconf 82' lang='lat' dir='ltr'>est,</span> <span class='ocrx_word' id='word_1_151' title='bbox 799 1973 956 2049; x_wconf 87' lang='lat' dir='ltr'>interemit,</span> <span class='ocrx_word' id='word_1_152' title='bbox 977 1973 1090 2032; x_wconf 91' lang='lat' dir='ltr'>insimu-</span> 
     </span>
     <span class='ocr_line' id='line_1_22' title="bbox 95 2053 1091 2136; baseline -0.001 -18"><span class='ocrx_word' id='word_1_153' title='bbox 95 2059 182 2118; x_wconf 91' lang='lat' dir='ltr'>latum</span> <span class='ocrx_word' id='word_1_154' title='bbox 200 2056 318 2132; x_wconf 90' lang='lat' dir='ltr'>insuper</span> <span class='ocrx_word' id='word_1_155' title='bbox 338 2053 482 2133; x_wconf 92' lang='lat' dir='ltr'>parricidii</span> <span class='ocrx_word' id='word_1_156' title='bbox 500 2064 528 2113; x_wconf 92' lang='lat' dir='ltr'>et</span> <span class='ocrx_word' id='word_1_157' title='bbox 543 2057 624 2134; x_wconf 91' lang='lat' dir='ltr'>quasi</span> <span class='ocrx_word' id='word_1_158' title='bbox 640 2065 768 2136; x_wconf 87' lang='lat' dir='ltr'>paratum</span> <span class='ocrx_word' id='word_1_159' title='bbox 781 2055 815 2114; x_wconf 90' lang='lat' dir='ltr'>ad</span> <span class='ocrx_word' id='word_1_160' title='bbox 835 2057 931 2116; x_wconf 90' lang='lat' dir='ltr'>scelus</span> <span class='ocrx_word' id='word_1_161' title='bbox 951 2076 1091 2117; x_wconf 88' lang='lat' dir='ltr'>venenum</span> 
     </span>
     <span class='ocr_line' id='line_1_23' title="bbox 96 2138 1091 2202; baseline 0 -1"><span class='ocrx_word' id='word_1_162' title='bbox 96 2160 134 2201; x_wconf 87' lang='lat' dir='ltr'>ex</span> <span class='ocrx_word' id='word_1_163' title='bbox 157 2139 336 2200; x_wconf 90' lang='lat' dir='ltr'>conscientia</span> <span class='ocrx_word' id='word_1_164' title='bbox 356 2138 509 2198; x_wconf 83' lang='lat' dir='ltr'>hausisset.</span> <span class='ocrx_word' id='word_1_165' title='bbox 552 2139 640 2199; x_wconf 84' lang='lat' dir='ltr'>Duxit</span> <span class='ocrx_word' id='word_1_166' title='bbox 667 2157 735 2199; x_wconf 93' lang='lat' dir='ltr'>mox</span> <span class='ocrx_word' id='word_1_167' title='bbox 763 2138 906 2200; x_wconf 86' lang='lat' dir='ltr'>Galeriam</span> <span class='ocrx_word' id='word_1_168' title='bbox 926 2139 1091 2202; x_wconf 83' lang='lat' dir='ltr'>Fundanam</span> 
     </span>
     <span class='ocr_line' id='line_1_24' title="bbox 96 2221 1091 2306; baseline -0.001 -21"><span class='ocrx_word' id='word_1_169' title='bbox 96 2224 243 2306; x_wconf 91' lang='lat' dir='ltr'>praetorio</span> <span class='ocrx_word' id='word_1_170' title='bbox 265 2231 364 2300; x_wconf 82' lang='lat' dir='ltr'>patre,</span> <span class='ocrx_word' id='word_1_171' title='bbox 389 2240 424 2281; x_wconf 91' lang='lat' dir='ltr'>ac</span> <span class='ocrx_word' id='word_1_172' title='bbox 442 2221 477 2281; x_wconf 92' lang='lat' dir='ltr'>de</span> <span class='ocrx_word' id='word_1_173' title='bbox 498 2222 553 2282; x_wconf 90' lang='lat' dir='ltr'>bac</span> <span class='ocrx_word' id='word_1_174' title='bbox 573 2240 689 2301; x_wconf 86' lang='lat' dir='ltr'>quoque</span> <span class='ocrx_word' id='word_1_175' title='bbox 709 2224 820 2283; x_wconf 90' lang='lat' dir='ltr'>liberos</span> <span class='ocrx_word' id='word_1_176' title='bbox 837 2226 985 2303; x_wconf 91' lang='lat' dir='ltr'>utriusque</span> <span class='ocrx_word' id='word_1_177' title='bbox 1003 2242 1091 2283; x_wconf 88' lang='lat' dir='ltr'>sexus</span> 
     </span>
     <span class='ocr_line' id='line_1_25' title="bbox 96 2307 1054 2386; baseline -0.001 -18"><span class='ocrx_word' id='word_1_178' title='bbox 96 2309 174 2384; x_wconf 91' lang='lat' dir='ltr'>tulit,</span> <span class='ocrx_word' id='word_1_179' title='bbox 191 2307 244 2367; x_wconf 92' lang='lat' dir='ltr'>sed</span> <span class='ocrx_word' id='word_1_180' title='bbox 259 2324 366 2366; x_wconf 90' lang='lat' dir='ltr'>marem</span> <span class='ocrx_word' id='word_1_181' title='bbox 382 2307 531 2367; x_wconf 88' lang='lat' dir='ltr'>titubantia</span> <span class='ocrx_word' id='word_1_182' title='bbox 548 2308 607 2366; x_wconf 88' lang='lat' dir='ltr'>oris</span> <span class='ocrx_word' id='word_1_183' title='bbox 623 2325 716 2386; x_wconf 94' lang='lat' dir='ltr'>prope</span> <span class='ocrx_word' id='word_1_184' title='bbox 732 2317 837 2368; x_wconf 92' lang='lat' dir='ltr'>mutum</span> <span class='ocrx_word' id='word_1_185' title='bbox 852 2319 880 2368; x_wconf 93' lang='lat' dir='ltr'>et</span> <span class='ocrx_word' id='word_1_186' title='bbox 899 2309 1054 2386; x_wconf 89' lang='lat' dir='ltr'>elinguem.</span> 
     </span>
     <span class='ocr_line' id='line_1_26' title="bbox 59 2389 1122 2473; baseline 0 -22"><span class='ocrx_word' id='word_1_187' title='bbox 59 2413 86 2453; x_wconf 77' lang='lat' dir='ltr'>ns</span> <span class='ocrx_word' id='word_1_188' title='bbox 112 2389 116 2398; x_wconf 74' lang='grc'><em>’</em></span> <span class='ocrx_word' id='word_1_189' title='bbox 159 2391 186 2451; x_wconf 88' lang='grc' dir='ltr'><strong>Α</strong></span> <span class='ocrx_word' id='word_1_190' title='bbox 201 2390 292 2452; x_wconf 90' lang='lat' dir='ltr'>Galba</span> <span class='ocrx_word' id='word_1_191' title='bbox 307 2393 334 2449; x_wconf 92' lang='lat' dir='ltr'>iu</span> <span class='ocrx_word' id='word_1_192' title='bbox 351 2390 518 2450; x_wconf 86' lang='lat' dir='ltr'>inferiorem</span> <span class='ocrx_word' id='word_1_193' title='bbox 535 2390 714 2452; x_wconf 86' lang='lat' dir='ltr'>Germaniam</span> <span class='ocrx_word' id='word_1_194' title='bbox 731 2401 830 2453; x_wconf 91' lang='lat' dir='ltr'>contra</span> <span class='ocrx_word' id='word_1_195' title='bbox 846 2396 1011 2473; x_wconf 91' lang='lat' dir='ltr'>opinionem</span> <span class='ocrx_word' id='word_1_196' title='bbox 1025 2393 1091 2452; x_wconf 93' lang='lat' dir='ltr'>mis·</span> <span class='ocrx_word' id='word_1_197' title='bbox 1106 2401 1122 2460; x_wconf 84' lang='grc'><strong>7</strong></span> 
     </span>
     <span class='ocr_line' id='line_1_27' title="bbox 98 2474 1091 2556; baseline -0.001 -19"><span class='ocrx_word' id='word_1_198' title='bbox 98 2495 146 2537; x_wconf 89' lang='lat' dir='ltr'>sus</span> <span class='ocrx_word' id='word_1_199' title='bbox 163 2485 217 2536; x_wconf 89' lang='lat' dir='ltr'>est.</span> <span class='ocrx_word' id='word_1_200' title='bbox 247 2474 382 2534; x_wconf 90' lang='lat' dir='ltr'>Adiutum</span> <span class='ocrx_word' id='word_1_201' title='bbox 399 2484 497 2553; x_wconf 91' lang='lat' dir='ltr'>putant</span> <span class='ocrx_word' id='word_1_202' title='bbox 513 2475 546 2536; x_wconf 82' lang='lat' dir='ltr'>T.</span> <span class='ocrx_word' id='word_1_203' title='bbox 562 2476 628 2535; x_wconf 88' lang='lat' dir='ltr'>Vini</span> <span class='ocrx_word' id='word_1_204' title='bbox 645 2477 800 2554; x_wconf 83' lang='lat' dir='ltr'>suffragio,</span> <span class='ocrx_word' id='word_1_205' title='bbox 817 2487 883 2537; x_wconf 91' lang='lat' dir='ltr'>tunc</span> <span class='ocrx_word' id='word_1_206' title='bbox 900 2479 1091 2556; x_wconf 90' lang='lat' dir='ltr'>potentissimi</span> 
     </span>
     <span class='ocr_line' id='line_1_28' title="bbox 97 2559 1092 2638; baseline -0.001 -16"><span class='ocrx_word' id='word_1_207' title='bbox 97 2569 126 2622; x_wconf 92' lang='lat' dir='ltr'>et</span> <span class='ocrx_word' id='word_1_208' title='bbox 144 2562 188 2620; x_wconf 93' lang='lat' dir='ltr'>cui</span> <span class='ocrx_word' id='word_1_209' title='bbox 203 2562 258 2620; x_wconf 92' lang='lat' dir='ltr'>iam</span> <span class='ocrx_word' id='word_1_210' title='bbox 276 2559 388 2638; x_wconf 82' lang='lat' dir='ltr'>pridem</span> <span class='ocrx_word' id='word_1_211' title='bbox 408 2577 461 2637; x_wconf 91' lang='lat' dir='ltr'>per</span> <span class='ocrx_word' id='word_1_212' title='bbox 477 2577 655 2620; x_wconf 90' lang='lat' dir='ltr'>communem</span> <span class='ocrx_word' id='word_1_213' title='bbox 666 2561 802 2620; x_wconf 90' lang='lat' dir='ltr'>lactionis</span> <span class='ocrx_word' id='word_1_214' title='bbox 813 2564 950 2623; x_wconf 90' lang='lat' dir='ltr'>Venetae</span> <span class='ocrx_word' id='word_1_215' title='bbox 959 2563 1092 2622; x_wconf 85' lang='lat' dir='ltr'>favorem</span> 
     </span>
     <span class='ocr_line' id='line_1_29' title="bbox 98 2643 1091 2724; baseline 0 -18"><span class='ocrx_word' id='word_1_216' title='bbox 98 2645 269 2706; x_wconf 90' lang='lat' dir='ltr'>conciliatus</span> <span class='ocrx_word' id='word_1_217' title='bbox 286 2652 381 2713; x_wconf 90' lang='lat' dir='ltr'>esset;</span> <span class='ocrx_word' id='word_1_218' title='bbox 398 2646 452 2703; x_wconf 90' lang='lat' dir='ltr'>nisi</span> <span class='ocrx_word' id='word_1_219' title='bbox 468 2645 545 2723; x_wconf 94' lang='lat' dir='ltr'>quod</span> <span class='ocrx_word' id='word_1_220' title='bbox 562 2643 653 2706; x_wconf 85' lang='lat' dir='ltr'>Galba</span> <span class='ocrx_word' id='word_1_221' title='bbox 668 2663 738 2724; x_wconf 90' lang='lat' dir='ltr'>prae</span> <span class='ocrx_word' id='word_1_222' title='bbox 752 2664 784 2705; x_wconf 89' lang='lat' dir='ltr'>se</span> <span class='ocrx_word' id='word_1_223' title='bbox 797 2647 876 2724; x_wconf 81' lang='lat' dir='ltr'>tulit,</span> <span class='ocrx_word' id='word_1_224' title='bbox 891 2647 986 2708; x_wconf 93' lang='lat' dir='ltr'>nullos</span> <span class='ocrx_word' id='word_1_225' title='bbox 1000 2647 1091 2706; x_wconf 90' lang='lat' dir='ltr'>minus</span> 
     </span>
     <span class='ocr_line' id='line_1_30' title="bbox 96 2729 1091 2810; baseline 0.001 -21"><span class='ocrx_word' id='word_1_226' title='bbox 96 2729 267 2789; x_wconf 88' lang='lat' dir='ltr'>metuendos</span> <span class='ocrx_word' id='word_1_227' title='bbox 283 2747 366 2807; x_wconf 91' lang='lat' dir='ltr'>quam</span> <span class='ocrx_word' id='word_1_228' title='bbox 384 2731 430 2807; x_wconf 92' lang='lat' dir='ltr'>qui</span> <span class='ocrx_word' id='word_1_229' title='bbox 447 2729 565 2789; x_wconf 93' lang='lat' dir='ltr'>desolo</span> <span class='ocrx_word' id='word_1_230' title='bbox 582 2731 659 2789; x_wconf 88' lang='lat' dir='ltr'>victu</span> <span class='ocrx_word' id='word_1_231' title='bbox 675 2731 848 2808; x_wconf 82' lang='lat' dir='ltr'>cogitarent,</span> <span class='ocrx_word' id='word_1_232' title='bbox 865 2749 900 2791; x_wconf 89' lang='lat' dir='ltr'>ac</span> <span class='ocrx_word' id='word_1_233' title='bbox 918 2749 1007 2809; x_wconf 88' lang='lat' dir='ltr'>posse</span> <span class='ocrx_word' id='word_1_234' title='bbox 1024 2748 1091 2810; x_wconf 92' lang='lat' dir='ltr'>pro·</span> 
     </span>
     <span class='ocr_line' id='line_1_31' title="bbox 61 2813 1092 2893; baseline 0.001 -20"><span class='ocrx_word' id='word_1_235' title='bbox 61 2813 267 2874; x_wconf 80' lang='lat' dir='ltr'>aovincialibus</span> <span class='ocrx_word' id='word_1_236' title='bbox 286 2815 379 2891; x_wconf 94' lang='lat' dir='ltr'>copiis</span> <span class='ocrx_word' id='word_1_237' title='bbox 399 2813 569 2891; x_wconf 85' lang='lat' dir='ltr'>profundam</span> <span class='ocrx_word' id='word_1_238' title='bbox 591 2815 688 2892; x_wconf 92' lang='lat' dir='ltr'>gulam</span> <span class='ocrx_word' id='word_1_239' title='bbox 710 2817 771 2874; x_wconf 90' lang='lat' dir='ltr'>eius</span> <span class='ocrx_word' id='word_1_240' title='bbox 796 2815 926 2893; x_wconf 89' lang='lat' dir='ltr'>expleri,</span> <span class='ocrx_word' id='word_1_241' title='bbox 949 2824 979 2874; x_wconf 91' lang='lat' dir='ltr'>ut</span> <span class='ocrx_word' id='word_1_242' title='bbox 1001 2817 1092 2874; x_wconf 90' lang='lat' dir='ltr'>cuivis</span> 
     </span>
     <span class='ocr_line' id='line_1_32' title="bbox 97 2898 1092 2977; baseline -0.003 -18"><span class='ocrx_word' id='word_1_243' title='bbox 97 2898 217 2960; x_wconf 87' lang='lat' dir='ltr'>evidens</span> <span class='ocrx_word' id='word_1_244' title='bbox 239 2899 275 2956; x_wconf 92' lang='lat' dir='ltr'>sit</span> <span class='ocrx_word' id='word_1_245' title='bbox 298 2906 464 2975; x_wconf 92' lang='lat' dir='ltr'>contemptu</span> <span class='ocrx_word' id='word_1_246' title='bbox 485 2901 577 2974; x_wconf 88' lang='lat' dir='ltr'>magis</span> <span class='ocrx_word' id='word_1_247' title='bbox 597 2917 681 2977; x_wconf 93' lang='lat' dir='ltr'>quam</span> <span class='ocrx_word' id='word_1_248' title='bbox 710 2901 802 2976; x_wconf 87' lang='lat' dir='ltr'>gratia</span> <span class='ocrx_word' id='word_1_249' title='bbox 831 2899 965 2959; x_wconf 90' lang='lat' dir='ltr'>electum.</span> <span class='ocrx_word' id='word_1_250' title='bbox 1016 2899 1092 2958; x_wconf 88' lang='lat' dir='ltr'>Satis</span> 
     </span>
     <span class='ocr_line' id='line_1_33' title="bbox 99 2981 1091 3059; baseline -0.001 -17"><span class='ocrx_word' id='word_1_251' title='bbox 99 2991 221 3059; x_wconf 88' lang='lat' dir='ltr'>constat,</span> <span class='ocrx_word' id='word_1_252' title='bbox 240 2982 352 3040; x_wconf 86' lang='lat' dir='ltr'>exituro</span> <span class='ocrx_word' id='word_1_253' title='bbox 368 2983 502 3042; x_wconf 90' lang='lat' dir='ltr'>viaticum</span> <span class='ocrx_word' id='word_1_254' title='bbox 517 2981 655 3058; x_wconf 86' lang='lat' dir='ltr'>defuisse,</span> <span class='ocrx_word' id='word_1_255' title='bbox 672 2991 749 3042; x_wconf 91' lang='lat' dir='ltr'>tanta</span> <span class='ocrx_word' id='word_1_256' title='bbox 766 2992 898 3059; x_wconf 89' lang='lat' dir='ltr'>egestate</span> <span class='ocrx_word' id='word_1_257' title='bbox 912 2986 955 3044; x_wconf 90' lang='lat' dir='ltr'>rei</span> <span class='ocrx_word' id='word_1_258' title='bbox 973 2983 1091 3044; x_wconf 85' lang='lat' dir='ltr'>familia-</span> 
     </span>
     <span class='ocr_line' id='line_1_34' title="bbox 97 3065 1091 3146; baseline -0.001 -20"><span class='ocrx_word' id='word_1_259' title='bbox 97 3067 154 3143; x_wconf 84' lang='lat' dir='ltr'>ris,</span> <span class='ocrx_word' id='word_1_260' title='bbox 171 3075 201 3126; x_wconf 93' lang='lat' dir='ltr'>ut</span> <span class='ocrx_word' id='word_1_261' title='bbox 217 3083 308 3125; x_wconf 90' lang='lat' dir='ltr'>uxore</span> <span class='ocrx_word' id='word_1_262' title='bbox 324 3074 353 3124; x_wconf 91' lang='lat' dir='ltr'>et</span> <span class='ocrx_word' id='word_1_263' title='bbox 368 3065 485 3143; x_wconf 82' lang='lat' dir='ltr'>liberis,</span> <span class='ocrx_word' id='word_1_264' title='bbox 505 3083 578 3144; x_wconf 92' lang='lat' dir='ltr'>quos</span> <span class='ocrx_word' id='word_1_265' title='bbox 593 3067 703 3127; x_wconf 88' lang='lat' dir='ltr'>Romae</span> <span class='ocrx_word' id='word_1_266' title='bbox 723 3067 921 3146; x_wconf 80' lang='lat' dir='ltr'>relinquebat,</span> <span class='ocrx_word' id='word_1_267' title='bbox 943 3066 1091 3127; x_wconf 90' lang='lat' dir='ltr'>meritorio</span> 
     </span>
     <span class='ocr_line' id='line_1_35' title="bbox 99 3149 1091 3229; baseline 0 -19"><span class='ocrx_word' id='word_1_268' title='bbox 99 3150 259 3211; x_wconf 89' lang='lat' dir='ltr'>caenaculo</span> <span class='ocrx_word' id='word_1_269' title='bbox 274 3149 392 3227; x_wconf 88' lang='lat' dir='ltr'>abditis,</span> <span class='ocrx_word' id='word_1_270' title='bbox 415 3149 528 3209; x_wconf 93' lang='lat' dir='ltr'>domum</span> <span class='ocrx_word' id='word_1_271' title='bbox 543 3152 571 3208; x_wconf 95' lang='lat' dir='ltr'>in</span> <span class='ocrx_word' id='word_1_272' title='bbox 592 3151 732 3229; x_wconf 88' lang='lat' dir='ltr'>reliquam</span> <span class='ocrx_word' id='word_1_273' title='bbox 753 3161 863 3229; x_wconf 89' lang='lat' dir='ltr'>partem</span> <span class='ocrx_word' id='word_1_274' title='bbox 885 3154 952 3213; x_wconf 93' lang='lat' dir='ltr'>anni</span> <span class='ocrx_word' id='word_1_275' title='bbox 974 3150 1091 3211; x_wconf 89' lang='lat' dir='ltr'>abloca-</span> 
     </span>
     <span class='ocr_line' id='line_1_36' title="bbox 63 3234 1092 3315; baseline -0.005 -17"><span class='ocrx_word' id='word_1_276' title='bbox 63 3243 152 3311; x_wconf 82' lang='lat' dir='ltr'>asret,</span> <span class='ocrx_word' id='word_1_277' title='bbox 169 3244 255 3312; x_wconf 93' lang='lat' dir='ltr'>utque</span> <span class='ocrx_word' id='word_1_278' title='bbox 272 3253 309 3295; x_wconf 89' lang='lat' dir='ltr'>ex</span> <span class='ocrx_word' id='word_1_279' title='bbox 326 3253 394 3294; x_wconf 89' lang='lat' dir='ltr'>aure</span> <span class='ocrx_word' id='word_1_280' title='bbox 409 3234 508 3294; x_wconf 92' lang='lat' dir='ltr'>matris</span> <span class='ocrx_word' id='word_1_281' title='bbox 524 3234 682 3294; x_wconf 90' lang='lat' dir='ltr'>detractum</span> <span class='ocrx_word' id='word_1_282' title='bbox 698 3239 830 3295; x_wconf 90' lang='lat' dir='ltr'>unionem</span> <span class='ocrx_word' id='word_1_283' title='bbox 847 3236 1044 3315; x_wconf 87' lang='lat' dir='ltr'>pigneraverit</span> <span class='ocrx_word' id='word_1_284' title='bbox 1056 3234 1092 3294; x_wconf 93' lang='lat' dir='ltr'>ad</span> 
     </span>
     <span class='ocr_line' id='line_1_37' title="bbox 97 3318 1080 3398; baseline 0.001 -21"><span class='ocrx_word' id='word_1_285' title='bbox 97 3319 208 3379; x_wconf 84' lang='lat' dir='ltr'>itineris</span> <span class='ocrx_word' id='word_1_286' title='bbox 223 3319 378 3397; x_wconf 90' lang='lat' dir='ltr'>impensas.</span> <span class='ocrx_word' id='word_1_287' title='bbox 411 3318 591 3379; x_wconf 84' lang='lat' dir='ltr'>Creditorum</span> <span class='ocrx_word' id='word_1_288' title='bbox 609 3319 723 3397; x_wconf 92' lang='lat' dir='ltr'>quidem</span> <span class='ocrx_word' id='word_1_289' title='bbox 738 3320 974 3398; x_wconf 87' lang='lat' dir='ltr'>praestolantium</span> <span class='ocrx_word' id='word_1_290' title='bbox 992 3337 1027 3379; x_wconf 91' lang='lat' dir='ltr'>ac</span> <span class='ocrx_word' id='word_1_291' title='bbox 1043 3319 1080 3379; x_wconf 90' lang='lat' dir='ltr'>de</span> 
     </span>
    </p>
   </div>
   <div class='ocr_carea' id='block_1_3' title="bbox 97 3403 1077 3565">
    <p class='ocr_par' dir='ltr' id='par_1_8' title="bbox 97 3403 1077 3565">
     <span class='ocr_line' id='line_1_38' title="bbox 98 3403 1077 3483; baseline 0 -20"><span class='ocrx_word' id='word_1_292' title='bbox 98 3403 244 3463; x_wconf 91' lang='lat' dir='ltr'>tinentium</span> <span class='ocrx_word' id='word_1_293' title='bbox 260 3403 371 3463; x_wconf 89' lang='lat' dir='ltr'>turbam</span> <span class='ocrx_word' id='word_1_294' title='bbox 388 3411 417 3462; x_wconf 92' lang='lat' dir='ltr'>et</span> <span class='ocrx_word' id='word_1_295' title='bbox 438 3405 466 3463; x_wconf 90' lang='lat' dir='ltr'>iu</span> <span class='ocrx_word' id='word_1_296' title='bbox 487 3405 521 3463; x_wconf 93' lang='lat' dir='ltr'>iis</span> <span class='ocrx_word' id='word_1_297' title='bbox 546 3404 739 3464; x_wconf 86' lang='lat' dir='ltr'>Sinuessanos</span> <span class='ocrx_word' id='word_1_298' title='bbox 754 3403 999 3483; x_wconf 83' lang='lat' dir='ltr'>Formianosque‚</span> <span class='ocrx_word' id='word_1_299' title='bbox 1021 3420 1077 3482; x_wconf 90' lang='lat' dir='ltr'>quo</span> 
     </span>
     <span class='ocr_line' id='line_1_39' title="bbox 97 3487 1068 3565; baseline -0.012 -18"><span class='ocrx_word' id='word_1_300' title='bbox 97 3505 160 3547; x_wconf 87' lang='lat' dir='ltr'>rum</span> <span class='ocrx_word' id='word_1_301' title='bbox 176 3487 292 3565; x_wconf 60' lang='lat' dir='ltr'>ptlblfca</span> <span class='ocrx_word' id='word_1_302' title='bbox 311 3487 466 3544; x_wconf 62' lang='lat' dir='ltr'>ventilandis</span> <span class='ocrx_word' id='word_1_303' title='bbox 490 3488 709 3547; x_wconf 58' lang='lat' dir='ltr'>intervenienti,</span> <span class='ocrx_word' id='word_1_304' title='bbox 741 3488 855 3547; x_wconf 61' lang='lat' dir='ltr'>npnniri</span> <span class='ocrx_word' id='word_1_305' title='bbox 876 3498 991 3548; x_wconf 47' lang='lat' dir='ltr'>*psl-0³0¹</span> <span class='ocrx_word' id='word_1_306' title='bbox 1015 3487 1068 3546; x_wconf 63' lang='lat' dir='ltr'>cal„</span> 
     </span>
    </p>
   </div>
   <div class='ocr_carea' id='block_1_4' title="bbox 0 0 1182 3870">
    <p class='ocr_par' dir='ltr' id='par_1_9' title="bbox 0 0 1182 3870">
     <span class='ocr_line' id='line_1_40' title="bbox 0 0 1182 3870; baseline 0 0"><span class='ocrx_word' id='word_1_307' title='bbox 0 0 1182 3870; x_wconf 95' lang='lat' dir='ltr'> </span> 
     </span>
    </p>
   </div>
  </div>
 </body>
</html>
