2286 3862
112 178 175 241 234
192 188 221 237 c.
238 185 389 236 sunuom
404 182 533 244 sunno.
549 184 597 231 nn
611 183 695 232 vrrs
711 182 896 234 osmssnms
912 185 991 236 nm.
1003 188 1082 238 vm.

71 360 104 413 si
174 343 309 404 Ordinem
324 341 400 400 vitae
417 338 492 398 hunc
510 337 574 398 fere
595 338 695 398 tenuit.
729 336 764 399 ln
787 338 957 420 principatu
979 345 1115 407 maturius

112 446 229 507 semper
245 445 280 488 ac
296 425 333 485 de
348 431 435 483 nocte
451 420 624 498 evigilabat;
641 420 708 482 dein
727 421 869 501 perlectis
895 425 1037 504 epistolis
1053 429 1115 491 oili·

114 515 280 591 ciorumque
296 509 420 571 omnium
434 505 599 583 breviariis,
618 506 730 567 amicos
745 505 927 585 admittebat,
941 527 981 572 ac
992 509 1059 573 dum
1074 532 1115 575 sa·

113 598 233 673 lutatur,
256 603 285 655 et
306 589 450 654 calciabat
469 590 586 669 ipsese
608 598 639 650 ot
665 589 836 659 amiciebat3
865 600 994 673 postque
1012 595 1113 659 decisa

113 696 312 761 quaecumque
334 675 523 736 obvenissent
545 675 679 751 negotia,
706 675 863 752 gestationi
886 684 919 736 et
937 674 1000 737 inde
1019 682 1134 758 quietis

112 764 246 840 vacabat,
263 760 424 823 accubante
438 757 534 837 aliqua
549 758 745 838 pallacanam,
767 776 840 838 quas
854 758 886 819 in
901 759 1002 821 locum
1014 761 1104 824 doion-

113 858 179 909 otae
195 844 330 907 Caenidis
348 844 485 923 plurimas
510 843 715 913 constituerat;
739 860 756 905 a
777 852 897 904 secreto
921 844 952 905 in
973 843 1112 907 balineum

112 930 324 1008 tricliniumque
340 926 489 987 transibat.
524 926 551 987 N
554 944 589 987 ec
603 926 664 986 ullo
679 935 812 1006 tempore
827 926 947 991 facilior
963 938 1015 991 ant
1029 930 1114 991 indul·

112 1015 231 1094 gentior
246 1013 376 1089 traditur,
392 1029 485 1090 eaque
502 1020 648 1071 momenta
665 1009 817 1071 domestici
832 1010 868 1073 ad
884 1011 1002 1091 aliquid
1021 1023 1114 1095 pelen

113 1098 180 1161 dum
195 1115 375 1175 magnopere
391 1093 557 1173 captabant.
1122 1112 1140 1155 ro

71 1188 106 1240 22
176 1181 215 1241 Et
241 1198 329 1260 super
349 1195 469 1238 caenam
495 1185 590 1238 autem
617 1185 646 1236 et
675 1195 792 1257 semper
819 1177 893 1239 alias
924 1180 1113 1259 comissimus,

113 1265 200 1325 multa
215 1265 282 1324 ioco
297 1261 492 1337 transigebat;
514 1270 577 1323 erat
597 1261 673 1320 enim
693 1260 856 1323 dicacitatis
877 1262 1046 1344 plurimae,
1067 1267 1112 1326 etsi

113 1348 245 1410 scurrilis
261 1356 290 1408 et
304 1344 457 1423 sordidae,
480 1354 563 1406 utne
584 1345 776 1424 praetextatis
793 1345 910 1425 quidem
929 1348 1036 1410 verbis
1056 1349 1112 1411 abs

112 1435 227 1493 tineret.
267 1431 305 1492 Et
320 1439 415 1491 tamen
430 1429 567 1490 nonnulla
591 1430 654 1489 eius
670 1429 846 1492 facetissima
867 1439 990 1509 extant,
1012 1434 1044 1495 in
1060 1435 1111 1514 qui

112 1517 167 1577 bus
183 1525 211 1576 ct
225 1516 309 1576 haec.
339 1514 488 1575 liestrinm
501 1513 619 1574 Florum
633 1513 827 1592 consularem,
839 1513 1009 1578 admonitus
1022 1517 1060 1578 ab
1072 1532 1135 1595 eqo

114 1601 393 1682 plaustrapotius
412 1616 494 1677 quam
513 1596 802 1677 plostradicenda,
816 1607 939 1677 postero
952 1600 1112 1663 dielilaa·

113 1703 188 1744 rum
203 1683 347 1745 salutarit.
381 1682 572 1761 Expugnatus
591 1690 686 1742 autem
709 1699 726 1742 a
746 1681 883 1762 quadam,
908 1686 995 1763 quasi
1018 1702 1112 1747 amore

114 1787 166 1829 suo
183 1768 346 1847 deperiret,
370 1783 434 1825 curo
456 1764 614 1844 perductae
638 1782 692 1844 pro
715 1765 871 1827 concubitu
892 1768 1035 1832 sestertia
1050 1787 1111 1849 qua-

113 1852 265 1929 dringenta
279 1850 425 1925 donasset,
438 1848 611 1909 admonente
624 1848 837 1928 dispensatore,
850 1868 937 1930 quem
949 1852 1112 1915 admodum

114 1951 249 1995 summam
263 1931 423 1992 rationibus
440 1931 532 1992 vellet
547 1931 658 2010 inferri,
680 1930 886 2013 Vespasiano,
902 1935 1016 2016 inquit,
1035 1936 1136 2003 ado-s

72 2023 205 2082 remoto.
234 2015 377 2076 Utebatur
392 2024 422 2075 et
442 2015 575 2076 versibus
591 2014 711 2078 Graecis
732 2019 909 2099 tempestive
929 2020 1004 2082 satis
1027 2021 1113 2083 etde

114 2100 237 2180 quodam
253 2116 395 2178 procerae
407 2108 532 2160 staturae
545 2100 762 2181 improbiusque
773 2111 858 2164 nato:

231 2172 342 2263 μακρά
351 2175 460 2262 βιβάς,
478 2179 636 2263 κραδάων
650 2177 862 2264 δολιχόσκιον
882 2185 997 2264 ἔγχος·

113 2268 192 2329 etde
208 2267 314 2329 Gerulo
327 2267 444 2344 liberto,
464 2269 512 2347 qui
531 2268 612 2328 dives
627 2267 777 2329 admodum
790 2270 828 2331 ob
843 2270 1112 2350 subterfugiendum

114 2352 287 2432 quandoque
303 2354 347 2412 ius
361 2353 424 2413 llsci
439 2352 592 2429 ingenuum
607 2370 640 2412 se
658 2361 687 2412 et
701 2352 857 2414 Lachetem
872 2362 983 2416 mutato
997 2359 1136 2419 nomines

113 2446 254 2516 coeperat
267 2437 361 2497 ferre:
642 2500 656 2532 e
715 2512 723 2534 1
865 2512 874 2535 Ι

617 2539 655 2615 ,⁰²
670 2521 799 2601 Assos,
821 2521 948 2601 Assos,

270 2591 354 2662 ἐπάν
370 2590 563 2683 ἀποθάνῃς,
586 2605 687 2676 crebre
706 2599 739 2678 ἐξ
762 2595 864 2685 ἀρχῆς
878 2604 946 2667 ἔσει

263 2676 430 2763 disiectos.

110 2766 233 2827 blasima
248 2775 342 2827 tamen
352 2766 531 2828 dicacitatem
545 2768 709 2832 adfectabat
720 2772 748 2831 in
763 2771 940 2834 deformibus
955 2772 1065 2854 lucris,
1083 2785 1137 2839 utar

110 2849 242 2910 invidiam
255 2851 349 2928 aliqua
367 2849 550 2912 cavillatione
568 2851 691 2914 dilueret
716 2855 944 2936 transferretque
961 2857 1000 2919 ad
1020 2860 1109 2921 sales.

171 2933 319 3008 Quendam
340 2935 447 2995 ecaris
463 2936 599 2995 ministris
623 2936 866 3019 dispensationem
889 2941 1003 3002 cuidam
1026 2946 1109 3023 quasi

110 3019 192 3080 fratri
210 3027 356 3098 petentem
374 3037 437 3079 curn
454 3018 629 3098 distulisset,
649 3024 742 3100 ipsum
756 3023 937 3086 candidatum
952 3026 988 3087 ad
1005 3046 1039 3087 sc
1058 3045 1109 3089 ro·

112 3105 202 3172 cavit;
220 3110 380 3181 exactaque
397 3106 535 3181 pecunia,
557 3114 690 3182 quantam
703 3109 728 3166 is
751 3126 814 3166 cum
837 3108 1033 3187 suffragatore
1056 3130 1108 3174 suo

111 3190 280 3268 pepigerat,
301 3188 363 3246 sine
385 3205 465 3247 mora
488 3187 646 3256 ordinavit:
668 3190 864 3270 interpellanti
884 3211 953 3254 mox
974 3196 1138 3258 ministroce

110 3269 213 3333 Alium
228 3270 298 3348 tibi,
315 3271 370 3347 ait,
388 3288 503 3350 quaere
522 3271 676 3349 fratrem
697 3273 765 3352 tte,
790 3293 877 3354 quem
896 3283 981 3338 tuem
999 3288 1108 3358 putas,

109 3372 194 3417 meos
210 3361 263 3417 est.
295 3354 451 3415 lllulionem
467 3356 495 3415 in
510 3357 613 3416 itinere
629 3358 751 3437 quodam
772 3361 935 3439 suspicatus
960 3362 998 3424 ad
1021 3366 1109 3427 calci·

109 3440 198 3503 andas
214 3439 304 3503 mulas
322 3438 485 3518 desiluisse,
501 3448 531 3498 ut
547 3439 661 3501 adeunti
676 3444 814 3522 litigatori
837 3446 960 3525 spatium
976 3466 1108 3511 moram·
