2286 3862
533 95 562 141 c.
587 94 772 161 eanmund.

149 252 321 330 'l'ransitque
338 250 373 310 ad
384 250 538 310 Antoniam
550 252 641 311 aviam
657 260 687 310 et
699 250 934 311 undevicensimo
946 253 1049 311 aetatis
1062 269 1138 312 anno

150 339 260 398 accitus
276 333 406 414 Capreas
424 353 441 395 a
461 334 588 412 Tiberio,
606 352 662 394 uno
678 344 763 414 atque
781 335 885 395 eodem
900 335 947 394 die
962 344 1060 413 togam
1075 355 1136 396 sum

149 423 206 501 psit
218 419 394 498 barbamque
410 419 516 498 posuit,
532 420 593 478 sine
603 419 664 478 ullo
676 419 786 479 honore
801 420 894 498 qualis
906 420 1069 497 contigerat
1080 422 1135 480 tiro

150 507 225 565 cinio
249 504 368 564 fratrum
391 505 462 562 eius.
507 501 562 562 llic
583 503 714 583 omnibus
731 504 841 563 insidiis
855 513 1010 583 temptatus
1030 503 1136 564 elicien

117 607 132 647 c
148 592 216 648 tium
237 589 461 666 cogentiumque
477 605 509 646 se
532 586 567 647 ad
584 587 728 666 querelas,
748 588 853 648 nullam
868 606 1000 667 umquam
1017 591 1135 648 occasio

147 691 213 732 nem
229 671 317 747 dedit,
334 671 453 750 perinde
465 671 620 731 obliterato
633 688 748 730 suorum
763 689 832 731 casu
843 691 878 732 ac
895 675 920 732 si
935 672 1004 732 nihil
1018 672 1142 750 cuiquao

148 755 318 825 accidisset;
329 773 404 833 quae
415 773 487 815 vero
499 757 564 834 ipse
577 763 737 834 pateretur,
749 755 910 815 incredibili
923 755 1143 816 dissimulation

148 841 344 901 transmittens
358 841 488 918 tantique
503 841 532 899 in
547 858 631 900 avum
648 848 676 898 et
696 841 743 918 qui
764 841 843 900 iuxta
858 849 939 900 erant
954 840 1104 919 obsequii,
1119 859 1137 900 u

146 942 205 984 non
220 925 361 983 immerito
379 925 416 984 sit
431 923 548 1001 dictum,
570 941 628 984 nee
644 940 767 982 seroruo
785 923 943 983 meliorem
955 922 1068 1000 ollam,
1123 952 1143 978 ιι

105 1029 136 1072 10
148 1008 331 1069 deteriorem
349 1007 504 1069 domiuum
523 1007 633 1086 furere.
668 1007 805 1068 Naturam
819 1016 914 1067 tamen
930 1026 1047 1068 saevam
1063 1015 1142 1087 atqu

146 1093 320 1173 probrosam
336 1111 373 1152 ne
387 1102 456 1152 tunc
474 1092 590 1170 quidem
605 1091 736 1151 inhibere
753 1099 880 1170 poterat,
896 1094 964 1170 quin
981 1101 1010 1151 et
1026 1091 1138 1152 animad

146 1176 329 1237 versionibus
346 1179 508 1254 poenisque
523 1176 558 1236 ad
573 1176 746 1255 supplicium
763 1176 892 1235 datorum
909 1176 1093 1254 cupidissime
1109 1177 1138 1236 in

147 1268 292 1335 teressct,
318 1269 347 1317 et
369 1278 479 1334 ganeas
502 1268 589 1336 atque
605 1259 745 1319 adulteria
768 1260 970 1338 capillamento
993 1261 1137 1320 celatusc

147 1352 232 1401 veste
247 1342 337 1418 longa
352 1341 486 1401 noctibus
503 1341 607 1418 obiret,
621 1360 656 1402 ac
672 1345 824 1402 scaenicas
836 1343 958 1403 saltandi
971 1345 1142 1421 canendiqu

109 1450 138 1493 15
149 1436 227 1485 artes
251 1425 461 1485 studiosissime
484 1433 652 1504 appeteret;
684 1426 771 1484 iacile
797 1426 825 1485 id
847 1445 916 1486 sane
937 1426 1056 1486 Tiberio
1077 1426 1137 1505 pati

149 1520 226 1586 ente,
252 1511 276 1568 si
300 1527 355 1588 per
377 1509 429 1569 has
453 1510 637 1569 mansuefieri
661 1518 764 1588 posset
787 1510 880 1569 lerum
906 1513 967 1568 eius
993 1511 1139 1587 ingenium

149 1594 233 1669 Quod
252 1595 457 1670 sagacissimus
470 1612 563 1653 senex
578 1595 617 1652 ita
635 1610 756 1672 prorsus
773 1603 977 1672 perspexerat,
994 1603 1024 1653 ut
1039 1593 1136 1673 aliquo

145 1680 221 1738 tiens
236 1678 428 1756 praedicaret,
447 1679 535 1737 exitio
551 1694 604 1736 suo
620 1679 802 1756 omniumque
823 1677 922 1739 Gaium
946 1679 1047 1736 vivere
1066 1687 1096 1737 et
1116 1697 1143 1738 s:

101 1776 104 1781 ·
144 1763 284 1822 natricem
304 1763 462 1840 [serpentis
478 1761 506 1821 id
521 1762 627 1850 genus]
645 1761 676 1822 P.
697 1762 732 1823 ll.
753 1761 962 1822 Phaethontem
978 1762 1042 1821 orbi
1058 1770 1135 1823 terra

106 1863 205 1906 sorum
222 1846 358 1905 educare.

205 1928 271 1988 Non
293 1930 332 1987 ita
351 1930 439 1989 multo
463 1938 531 2008 post
547 1928 656 1989 Iuniam
673 1928 843 1989 Claudillam
863 1930 901 1991 Μ.
920 1931 1009 1990 Silani
1027 1930 1135 1990 nobilis

146 2014 207 2072 simi
224 2014 278 2071 viri
293 2011 326 2071 F.
346 2013 426 2072 duait
442 2031 572 2072 uxorem.
600 2013 714 2072 Deinde
730 2032 821 2091 augur
833 2015 861 2072 in
876 2015 972 2074 locum
990 2015 1088 2074 fratris
1103 2033 1136 2074 su

144 2097 231 2156 Drusi
249 2096 421 2173 destinatus,
443 2099 523 2176 prius
541 2116 625 2175 quam
648 2099 868 2174 inauguraretur
892 2098 927 2158 ad
952 2100 1119 2176 pontificatu

145 2180 292 2240 traductus
308 2190 352 2240 est
370 2182 475 2258 insigni
493 2182 659 2240 testimonio
682 2183 798 2259 pietatis
816 2191 902 2261 atque
924 2183 1044 2261 indolis,
1072 2201 1135 2242 cum

108 2279 135 2320 ιι
145 2264 260 2323 deserta
276 2264 465 2343 demlataque
482 2264 602 2344 reliquis
626 2265 761 2325 subsidiis
777 2267 851 2343 aula,
874 2268 979 2326 Seiano
1001 2269 1056 2326 iam
1080 2276 1143 2325 tun

146 2358 285 2425 suspecto
297 2366 365 2409 mox
377 2358 406 2408 et
417 2367 576 2427 oppresso,
589 2350 625 2409 ad
641 2368 723 2428 spem
736 2352 933 2410 successionis
948 2352 1083 2429 paulatim
1098 2351 1133 2410 ad

144 2440 312 2490 moveretur
366 2433 456 2507 Quam
479 2449 537 2511 quo
561 2435 653 2511 magis
676 2434 874 2511 confirmaret,
895 2437 999 2495 amissa
1014 2435 1092 2494 lunia
1109 2453 1143 2494 e*⁴

144 2524 237 2594 partu,
253 2514 375 2575 Enniam
390 2515 539 2594 Naevium,
555 2518 700 2579 Macronis
718 2536 847 2595 uxorem,
868 2521 988 2598 quitum
1004 2520 1133 2598 praetori

144 2600 206 2658 anis
224 2599 392 2659 cohortibus
405 2611 550 2678 praeerat,
565 2602 730 2662 sollicitavit
742 2602 778 2662 ad
794 2613 933 2682 stuprum,
951 2604 1099 2682 pollicitus
1116 2622 1143 2662 e=

105 2695 134 2736 30
144 2685 352 2743 matrimonium
375 2703 469 2762 suum,
490 2687 515 2744 si
536 2687 644 2765 potitus
664 2686 786 2764 imperio
811 2689 926 2755 luisset;
949 2687 1044 2766 deque
1060 2706 1095 2747 ea
1111 2706 1143 2746 ra

145 2775 175 2824 et
189 2768 251 2825 iure
269 2768 389 2826 iurando
413 2778 442 2827 et
464 2769 659 2848 chirographo
681 2772 766 2829 cavit.
811 2771 868 2832 Per
889 2771 964 2830 hanc
985 2773 1143 2830 insinuatu

143 2850 285 2926 Macroni,
302 2870 414 2912 veneno
431 2851 577 2913 Tiberium
592 2854 749 2930 adgressus
765 2865 824 2931 est,
846 2864 876 2913 ut
892 2855 1005 2933 quidam
1024 2856 1131 2932 opiuan

142 2943 198 3010 tur,
216 2935 393 3013 spirantique
410 2936 502 2996 adhuc
524 2937 636 2997 detrahi
652 2937 766 2996 anulum
782 2947 826 3014 et,
849 2940 982 3016 quoniam
1001 2938 1130 3014 suspicio

142 3036 208 3076 nem
224 3020 373 3079 retinentis
393 3020 494 3096 dabat,
512 3022 658 3099 pulvinum
674 3021 757 3080 iussit
773 3023 856 3098 inici,
879 3031 965 3100 atque
983 3024 1067 3081 etiam
1083 3021 1131 3080 iau

107 3115 135 3158 ³5
144 3120 195 3160 ces
211 3119 295 3161 manu
310 3122 361 3164 sua
376 3106 535 3182 oppressit,
553 3105 669 3179 liberto,
687 3105 735 3181 qui
753 3104 790 3163 ob
806 3111 988 3166 atrocitatem
1004 3106 1140 3164 facinori

142 3185 371 3263 exclamaverat,
395 3189 549 3247 confestim
568 3189 597 3245 in
619 3206 735 3248 crucem
756 3198 832 3250 acto.
882 3188 946 3248 Nec
970 3189 1107 3249 abhorret
1133 3213 1136 3238 ι

140 3270 275 3345 veritate,
291 3287 353 3329 cum
367 3271 421 3329 sint
437 3271 551 3349 quidam
565 3280 711 3345 auctores,
728 3285 821 3348 ipsum
834 3281 937 3352 postea
961 3273 1015 3332 etsi
1031 3289 1087 3331 non
1105 3271 1142 3331 de

142 3353 290 3430 perfecto,
301 3362 330 3412 at
343 3361 424 3413 certe
437 3354 472 3414 de
487 3354 614 3430 cogitato
628 3354 770 3432 quondam
787 3356 942 3435 parricidio
960 3357 1141 3436 professum
