2286 3862
69 193 132 258 tat
352 200 381 249 a.
406 198 569 249 aaaronn
588 196 812 259 rosnacum

71 362 146 425 enim
162 356 346 437 Tranquillus
362 354 566 435 praeverbium
588 362 670 433 putat
685 352 744 414 dici
768 352 893 415 debere
918 356 1004 437 qnod
1023 354 1098 439 ante,'

71 446 120 508 rel
147 443 316 505 adverbium
340 441 417 520 quod
438 450 506 520 post
526 437 645 500 verbum
668 437 916 518 appellationem
942 442 1026 503 etiam
1047 462 1094 505 na·

70 547 195 609 menque
212 535 345 606 ponatur.
359 523 630 586 laliasltamaaaa
644 521 734 602 apud
747 520 944 587 otonem
951 544 983 605 p.
992 528 1091 589 1751’.

135 614 196 675 lsto
213 611 311 691 vilius]
335 610 400 670 Rex
427 610 475 688 qui
498 608 624 670 vacabat
646 607 682 668 ad
704 624 845 685 caenam,
875 610 907 669 si
927 608 1089 673 siltieares

72 698 236 763 exhibenda
259 694 433 755 indiceretur
449 711 533 773 quam
549 692 690 752 exhibere
704 707 762 751 non
785 702 920 773 posset,
936 696 1106 775 respondite

71 796 103 847 nt
118 779 299 861 tranquillus
323 778 431 838 reiert:
461 781 517 838 isto
532 778 617 837 vilius
633 776 756 837 hominis
772 778 832 837 erit
856 795 975 841 caena·
998 776 1089 841 lulius

72 870 233 933 Romanae
248 863 334 941 apud
349 861 527 925 charisium
537 880 569 939 p.
586 869 643 921 180
658 858 692 921 P.

139 951 226 1002 Potest
237 947 279 999 hic
291 948 395 1009 titulus,
423 948 465 1012 qui
479 956 517 998 εει
529 948 561 997 de
574 946 660 996 Rebus
675 947 761 1007 variis,
786 960 849 997 cum
864 949 1034 1015 insequenti,
1054 952 1088 1016 qul

72 1029 112 1074 est
125 1021 229 1072 Pratum
242 1019 296 1069 sive
307 1019 396 1077 Prata,
411 1017 447 1066 ita
459 1017 540 1066 videri
554 1016 702 1066 coniunctus
715 1015 811 1077 luism,
823 1024 858 1067 nt
872 1019 1034 1087 inserlptum
1042 1018 1084 1071 ils·

71 1090 117 1142 rl't:
138 1089 165 1140 (l.
184 1086 288 1138 Suetaui
300 1086 439 1148 Tranquilli
458 1085 561 1135 Pratum
578 1085 633 1135 sive
650 1084 683 1136 de
699 1084 785 1135 Rebus
802 1085 894 1137 variis
914 1087 986 1139 libra
997 1088 1099 1147 ...ll-10

71 1173 130 1209 men
143 1158 221 1208 tutius
234 1155 296 1204 duxi
309 1153 445 1219 seperatim
457 1167 560 1219 ponere.

135 1221 212 1284 XVl.
245 1221 318 1294 Quia
348 1222 455 1280 variam
482 1230 511 1281 et
533 1220 695 1282 miscellam
718 1229 748 1281 et
768 1223 859 1300 quasi
886 1226 1077 1287 contusum

73 1310 231 1371 doctrinam
248 1306 500 1384 conquisiverunt,
518 1322 554 1365 eo
570 1305 669 1366 titulos
686 1322 802 1385 quoque
825 1306 869 1368 ad
893 1326 971 1372 earn
988 1318 1080 1371 aanor
1131 1351 1135 1386 7

72 1396 139 1455 tiam
157 1391 399 1469 exquisitissimos
414 1390 586 1450 indiderunt.
603 1388 734 1469 Namque
749 1389 798 1450 alii
812 1388 983 1457 llusarnru
1005 1394 1084 1457 insen

73 1485 218 1560 pserunt.
237 1519 243 1532 .
262 1521 269 1535 .
287 1476 389 1554 partim
406 1472 580 1555 Λειμῶνας
596 1520 602 1533 .
620 1518 652 1533 ..
676 1472 730 1535 Εει
751 1482 920 1553 praeterea
950 1482 1003 1561 qui
1027 1480 1101 1543 l’rea

74 1573 153 1624 tum.
174 1559 291 1620 Gallias
302 1558 504 1638 praefatione
519 1567 622 1619 5-8.
640 1556 681 1638 cf.
698 1575 797 1637 sopra
809 1576 846 1637 p.
867 1569 943 1640 294,
967 1574 1019 1628 26.
1044 1562 1088 1627 l’lt'·

73 1647 146 1708 rat'aa
159 1650 224 1705 ruat.
242 1643 312 1704 ltiat.
325 1643 528 1722 praefatione
544 1652 590 1704 23.
619 1642 737 1704 Susidas
751 1660 777 1703 a.
793 1660 823 1704 a.
842 1637 1053 1730 Πάμφιλος.

139 1731 228 1807 Signa
259 1737 354 1788 autem
382 1737 586 1807 tempestatum
616 1727 818 1806 navigantibus
842 1727 1091 1812 Tranquillaslr
1142 1741 1143 1802 ζ

74 1816 195 1877 l’ratis
211 1814 254 1871 sic
263 1813 346 1872 dicit:
356 1811 474 1872 Mutatio
489 1813 671 1890 tempestatis
685 1813 892 1891 exspectanda
904 1826 962 1878 est
974 1822 1006 1881 in
1019 1836 1091 1899 eape-

73 1899 151 1973 rius‚
178 1913 241 1954 curu
263 1898 290 1952 in
310 1904 450 1955 nocturna
474 1898 659 1974 navigatione
682 1895 819 1957 scintillat
835 1898 876 1959 ad
897 1918 1013 1966 remos
1027 1900 1111 1967 etula
1142 1959 1143 1974 ,

74 1978 272 2058 gubernacula
288 1996 372 2057 aqua.
403 1979 435 2040 lu
451 1989 576 2041 austrum
599 1981 678 2041 uenti
701 1981 818 2040 mutatio
835 1991 903 2061 est,
938 2006 1012 2051 oum
1030 1987 1092 2051 lulli

74 2066 158 2141 pines
186 2063 372 2123 irundinesve
390 2066 507 2141 volant,
532 2075 580 2125 aut
596 2084 659 2125 curn
680 2064 778 2125 dellini
802 2074 886 2129 totos
917 2088 958 2133 se
982 2072 1093 2136 saltlltut

76 2147 230 2210 ostendunt
246 2157 293 2208 aut
311 2148 409 2209 caudis
425 2167 527 2228 aquam
543 2150 663 2219 feriunt;
685 2167 749 2209 nam
764 2168 887 2229 semper
904 2166 1024 2220 ventus
1038 2157 1092 2220 iude

77 2236 183 2308 oritur,
200 2250 257 2311 qua
273 2233 314 2292 illi
330 2234 470 2294 feruntur.
501 2232 565 2293 Nec
578 2237 679 2294 mirum
695 2243 740 2294 est
759 2243 836 2294 muta
857 2239 1010 2306 animalia
1033 2242 1092 2305 divi·

75 2337 145 2378 nare
163 2316 214 2376 sub
231 2319 362 2396 gurgite;
379 2336 497 2396 semper
513 2319 587 2377 enim
613 2320 775 2397 incipientis
792 2336 885 2382 aurae
902 2336 997 2388 motu
1010 2336 1110 2409 aquata

75 2403 262 2478 inclinantur,
287 2421 371 2481 quam
386 2404 626 2482 permutationem
641 2404 727 2463 maris
748 2404 831 2482 primi
847 2406 1005 2474 undarum
1021 2413 1091 2473 inca

75 2487 122 2548 lae
135 2487 268 2545 sentiunt.
303 2486 404 2567 ltaque
423 2496 546 2566 propter
562 2489 698 2566 impetum
713 2497 858 2567 pugnant,
876 2492 951 2554 sive
971 2506 1093 2559 metunt

76 2571 244 2631 deierantur
263 2573 290 2629 in
307 2571 392 2631 litora
399 2616 407 2650 ,
425 2573 486 2631 sive
503 2580 653 2631 naturane
670 2588 838 2632 aversorum
861 2580 1013 2643 cervices
1028 2580 1093 2643 uuir

76 2656 259 2733 praecipitet.
290 2653 434 2735 Numquid
456 2673 527 2732 ergo
553 2655 652 2716 dellini
674 2665 780 2717 tantum
803 2657 881 2718 hauc
902 2662 1092 2727 iniuriamti

75 2735 176 2798 menti
210 2739 297 2799 lmrno
321 2748 350 2800 et
367 2741 458 2800 ceteri
475 2741 593 2818 pisces,
616 2741 669 2801 sed
684 2741 712 2800 hi
731 2750 838 2801 tantum
859 2760 1021 2825 apparent
1035 2750 1110 2832 qnltt

77 2824 206 2884 exiliunt.
241 2822 385 2886 isidoras
401 2823 570 2886 denatura
585 2843 688 2885 reram
706 2834 758 2902 38,
776 2834 802 2885 1.

140 2907 184 2966 De
202 2909 362 2968 nominibus
378 2910 465 2968 maris
488 2919 517 2969 et
538 2910 680 2970 llumiuum
702 2912 731 2969 in
753 2910 873 2972 Pratis
899 2913 1092 3000 Tranquillus

76 2994 119 3051 sic
134 2992 261 3051 adseruit
280 2991 396 3053 dicens:
418 2992 576 3054 Externum
597 3012 692 3055 mare
709 2993 842 3055 Oceanus
862 3007 924 3078 est,
951 3004 1092 3067 internun

77 3077 154 3154 quad
168 3095 205 3136 ex
220 3074 339 3137 Oceano
359 3078 430 3149 fluit,
450 3097 587 3157 superum
611 3088 640 3138 et
661 3078 783 3139 inieram
803 3079 911 3159 quihus
936 3085 1028 3150 Italia
1049 3088 1091 3151 ad·

76 3160 172 3219 luitur.
192 3158 237 3219 Ex
251 3161 285 3219 lis
296 3181 432 3239 superum
453 3184 1089 3231 -ττ--Ἢ

77 3242 254 3304 Adriaticum
286 3244 389 3305 dicitur
405 3255 433 3305 ep
469 3216 645 3276 Adriaticum
660 3235 794 3295 superum
810 3227 951 3301 vocatur,
966 3225 1110 3303 Tyrrhe-t

77 3323 431 3390 Tuscumpnfemmtpre,
469 3300 713 3378 numinierum‚ut
726 3300 844 3361 Iunilius
860 3313 889 3363 et
898 3303 1093 3393 Tranquillus

77 3415 149 3468 pum
165 3424 326 3492 angustum,
352 3415 434 3493 quasi
469 3385 576 3461 dicunt,
591 3385 694 3485 quibus
710 3386 833 3446 adluitur
844 3385 944 3453 ltalia.
963 3394 1093 3461 Scholia

77 3488 212 3573 fervens,
228 3514 325 3576 mare,
344 3508 373 3560 ut
388 3498 431 3559 εἰ,
469 3466 643 3530 Bernartsra
658 3470 703 3531 od
721 3468 807 3552 Verp.
824 3471 943 3556 Geor-9.
966 3488 994 3559 2,
1014 3490 1076 3547 153,

874 3576 1088 3595 Ἣ
