2286 3862
117 216 157 281 98
192 229 220 276 c.
240 225 389 275 suuroru
406 224 534 283 ranno.
548 224 595 271 uu
614 224 695 271 vrrs
713 224 907 277 cansam
924 228 1002 277 ιιι.
1014 230 1067 281 ιιι.

118 383 318 467 praetorianis.
347 381 557 443 Germaniciani
570 380 684 459 quidem
700 382 786 442 etiam
801 382 982 465 principem
998 384 1115 450 deuecta

117 471 185 532 bant
199 487 257 530 non
273 486 290 530 a
304 485 337 530 se
352 466 462 541 datum,
482 481 646 545 summaque
665 466 694 525 vi
711 464 943 548 Germanicum,
967 470 1022 551 qui
1036 474 1122 534 mnis

116 561 267 637 praeerat,
283 553 318 614 ad
331 548 539 629 capessendam
553 567 614 609 rem
627 568 656 630 p.
671 550 834 629 urgebant,
853 570 1044 635 quamquam
1056 557 1117 619 obis

115 649 191 701 mate
205 638 398 699 resistentem.
432 635 525 710 Quem
539 635 662 695 manime
679 652 776 695 casum
792 637 924 717 timens,
948 642 1115 719 perterriti

115 740 197 807 quos
211 720 334 783 reactus·
347 718 472 796 liberet,
494 718 626 780 tuendos
642 721 674 780 ia
686 738 722 779 re
734 738 767 797 p.
785 719 1000 803 depoposcit,
1020 714 1119 807 produt

113 809 280 871 ιιὶοιιιιι
294 802 440 884 sufficere
454 804 541 865 actua
555 823 641 865 acmo
654 810 779 881 poscet,
795 806 863 867 atsi
880 825 962 870 cum
977 810 1110 873 alterutri

115 892 207 955 ctiam
222 908 289 952 eum
300 888 456 969 pluribus.
488 889 639 949 Simulavit
652 897 681 949 et
692 888 892 969 valitudinem,
913 912 984 974 quo
1002 898 1114 975 aequius

114 977 207 1039 auimo
220 974 406 1036 Germanicus
421 974 548 1034 celerem
563 973 782 1034 successionem
794 975 844 1035 rel
858 985 953 1039 certe
967 982 1116 1041 societater

113 1062 294 1143 principatus
315 1060 508 1140 opperiretur.
542 1055 717 1137 Compositis
732 1058 937 1123 seditionibus
957 1062 1116 1126 (ilementm

114 1164 245 1227 quoque,
265 1143 367 1204 fraude
386 1142 554 1220 deceptum,
576 1142 692 1221 redegit
711 1143 740 1202 in
755 1152 955 1223 potestatem.
988 1149 1130 1227 Libonenpr

113 1249 150 1290 ne
173 1227 240 1308 quid
261 1229 289 1286 in
310 1228 438 1288 novitate
455 1226 588 1287 acerbius
603 1228 704 1305 lieret,
727 1227 861 1291 secundo
878 1230 1007 1295 demum
1022 1237 1116 1297 arnob

113 1322 214 1375 senatu
237 1312 384 1389 coarguit,
402 1310 498 1372 medio
517 1312 656 1391 temporis
680 1312 775 1391 spatio
799 1322 912 1376 tantum
939 1336 1115 1381 cavarocca

112 1406 223 1467 tentus;
240 1415 304 1459 nam
321 1405 350 1457 et
364 1399 439 1456 inter
456 1398 610 1476 pontifices
624 1396 797 1458 sacrificanti
809 1399 897 1461 simul
911 1419 976 1482 pro
990 1406 1116 1485 secespita

113 1481 278 1563 plumbeum
300 1481 421 1543 cultrum
436 1481 634 1544 subiciendum
656 1482 782 1560 curavit,
804 1491 833 1543 et
848 1496 1012 1551 secretum
1027 1488 1117 1572 petent

111 1569 225 1628 nonnisi
241 1566 367 1628 adhibito
383 1566 478 1627 Druso
502 1567 560 1628 lilio
576 1566 668 1644 dedit,
699 1565 891 1648 dextramque
909 1570 1132 1637 obambulantis

112 1652 202 1714 veluti
216 1650 398 1729 incumbens,
419 1651 513 1730 quoad
529 1661 720 1730 perageretur
736 1668 850 1731 sermo,
869 1658 1034 1720 continuit.

69 1756 104 1810 ιι
175 1739 285 1798 Verum
305 1734 444 1796 liberatus
464 1743 556 1812 metu,
581 1736 696 1796 civilem
715 1734 867 1797 admodum
889 1739 977 1803 inter
998 1744 1076 1805 initia
1090 1760 1114 1805 at

111 1821 311 1900 paulominus
334 1835 419 1897 quam
441 1821 582 1896 privatum
604 1822 672 1896 egit.
708 1819 755 1880 Ex
775 1820 910 1900 plurimis
934 1830 1114 1911 mammam

110 1902 271 1965 honoribus
292 1911 409 1978 practer
431 1919 542 1980 paucos
562 1911 591 1963 et
609 1903 743 1964 modicos
757 1922 816 1966 non
833 1912 970 1990 recepit.
998 1912 1115 1977 Nautes

111 2003 206 2061 suum,
228 1983 342 2064 plebeis
364 1987 558 2047 incurrentem
581 1988 775 2069 circensibus,
800 1992 850 2052 vix
867 1994 961 2058 unius
977 1996 1127 2079 bigaeads

109 2071 236 2129 iectione
258 2068 394 2130 honorari
412 2088 516 2150 passus
538 2081 591 2132 est.
622 2073 758 2153 Templa,
776 2074 930 2158 flamines,
956 2082 1116 2147 sacerdotes

110 2155 228 2215 decerni
246 2153 301 2214 sibi
317 2155 479 2235 probibuit,
496 2157 581 2217 etiam
598 2166 707 2220 statuas
721 2166 808 2239 atque
822 2161 977 2241 imagines
996 2168 1054 2231 nisi
1066 2185 1115 2251 per

108 2239 238 2300 mittente
260 2258 293 2300 se
317 2241 402 2319 poni:
425 2243 612 2323 permisitque
635 2262 668 2303 ea
692 2243 756 2304 sola
778 2244 976 2331 conditione,
1001 2270 1042 2315 ne
1057 2254 1116 2315 utu

108 2324 261 2386 simulacra
283 2324 402 2387 deorum
424 2326 477 2388 sed
501 2328 576 2388 inter
603 2335 771 2389 ornamenta
791 2328 907 2393 aedium
930 2346 1115 2415 ponerentur.

106 2409 278 2470 intercessit
301 2419 330 2470 et
351 2428 407 2491 quo
426 2413 519 2472 minus
534 2414 563 2471 in
579 2421 644 2473 acta
662 2430 713 2473 sua
728 2413 890 2494 iuraretur,
911 2427 948 2480 et
964 2440 1005 2485 ne
1022 2421 1134 2485 meuriss

107 2493 283 2574 September
298 2493 442 2575 Tiberius,
460 2496 589 2557 October
604 2495 700 2557 Livius
715 2506 903 2561 vocarentur.
940 2502 1117 2571 Pruuuumau

107 2596 224 2659 quoquc
245 2582 498 2659 imperatoris
522 2598 744 2661 cognomenque
760 2584 881 2662 patris
902 2593 1079 2674 patriae,
1096 2598 1118 2651 et

108 2664 228 2724 civicam
255 2665 284 2724 in
312 2665 458 2726 vestibulo
487 2682 626 2727 coronam
645 2666 807 2738 recusavit3
838 2686 874 2730 ac
896 2688 938 2733 ne
962 2674 1118 2759 Augusti

106 2749 219 2830 quidem
240 2767 361 2828 nomen,
384 2768 553 2831 quamquam
573 2750 791 2830 bereditarium,
815 2750 883 2813 ullis
906 2756 969 2819 uisi
985 2761 1118 2841 adroget

106 2854 140 2895 ac
164 2834 300 2910 dynastas
326 2835 459 2914 epistolis
482 2835 598 2896 addidit.
628 2834 693 2896 Nec
715 2835 837 2916 amplius
858 2853 949 2917 quum
972 2862 1048 2909 mox
1068 2854 1137 2907 nest

106 2919 287 2998 consulatus,
317 2939 402 2981 unum
429 2921 529 3000 paucis
557 2917 675 2998 diebus,
699 2919 819 2981 alterum
839 2921 936 2987 tribus
960 2930 1118 3007 manebus,

103 3008 218 3068 tertium
234 3004 341 3066 absens
355 3023 446 3084 usque
460 3007 488 3065 in
501 3003 569 3065 Idus
583 3004 674 3066 Maias
689 3006 793 3083 gessit.

62 3106 93 3162 ur
165 3090 355 3152 Adulationes
377 3089 451 3150 adeo
474 3097 624 3150 aversatus
646 3098 706 3168 est,
733 3097 763 3149 ut
784 3091 929 3153 neminem
952 3106 1119 3161 senatorum

104 3187 152 3239 aut
167 3177 257 3238 cilicii
274 3184 323 3237 aut
337 3174 449 3251 negotii
464 3193 551 3236 causa
567 3174 603 3235 ad
620 3174 755 3236 lecticam
771 3193 850 3236 suam
867 3174 1040 3261 admiserit,
1057 3198 1118 3245 tou

105 3263 229 3323 sularem
245 3279 333 3339 vero,
350 3259 575 3320 satisfacientem
590 3259 645 3319 sibi
661 3277 696 3320 ac
711 3278 765 3339 per
780 3278 877 3339 genua
894 3277 990 3325 orare
1015 3268 1139 3331 conat-⁸

104 3357 181 3424 tem,
203 3349 243 3408 ita
264 3345 417 3424 sulingenit
439 3353 469 3404 ut
484 3344 602 3406 caderet
618 3344 752 3423 supinus;
775 3353 862 3426 atque
880 3347 990 3429 etium,
1013 3352 1041 3413 si
1055 3348 1117 3433 quld

105 3432 132 3493 in
148 3449 281 3493 sermone
296 3431 346 3492 vel
364 3431 393 3490 in
410 3431 542 3491 continua
559 3431 692 3491 oratione
702 3429 835 3492 blandius
853 3429 891 3493 de
906 3450 941 3494 sc
957 3432 1115 3511 diceretur,

103 3534 161 3577 nou
189 3516 332 3577 dubitaret
355 3514 544 3596 interpellare
568 3533 603 3575 ac
629 3514 848 3596 reprehendere
877 3524 909 3577 et
936 3528 1115 3583 commutare
