2286 3862
202 83 262 149 1to
289 94 319 145 c.
336 93 487 144 sunrour
504 89 633 150 annuo.
648 88 696 136 nn
711 87 796 135 vrrs
812 85 1003 135 cassanum
1018 86 1097 136 nun.
1114 88 1139 136 11

203 253 336 333 quentiae
367 249 577 324 doctrinaeque
605 263 716 322 genere
745 242 951 323 praecellens,
983 241 1139 304 benivole

201 335 391 414 singularem,
409 331 668 408 conciliandaeque
684 328 828 389 hominum
841 328 957 404 gratiae
971 344 1013 387 ac
1030 345 1139 406 prome

202 421 310 482 amoris
325 420 424 478 mirum
440 424 469 475 et
485 415 592 474 eiiicax
607 413 738 473 studium.
775 411 900 472 Formae
914 413 1018 471 minus
1037 430 1139 491 congr

201 505 352 584 gracilitas
377 518 504 575 crurum,
527 497 580 558 sed
603 516 638 558 ea
660 515 777 576 quoque
802 495 939 576 paulatim
961 495 1139 574 repletam

202 588 270 669 equi
292 585 458 647 vectatione
478 592 546 662 post
571 582 675 642 cibum.
719 581 842 640 llostem
859 581 1029 640 comminus
1048 599 1139 662 saepe

202 673 301 734 cussit.
335 669 435 729 Orarit
451 685 554 728 causas
579 668 664 727 etiam
683 664 881 744 triumphalis;
903 671 996 742 atque
1020 666 1110 726 inter
1134 687 1139 726 ι

202 755 362 818 studiorum
376 753 551 812 monimenta
567 751 686 829 reliquit
703 759 732 810 et
751 747 919 810 comoedias
939 747 1101 811 Graecas.

202 841 331 918 iorisque
355 836 466 914 civilis,
493 836 586 896 libera
612 853 646 896 ac
665 834 818 895 ioederata
838 831 948 912 oppida
973 834 1050 894 sine
1075 835 1139 896 lictu

202 921 308 986 adibat
343 921 441 981 Sicubi
465 919 610 981 clarorum
630 920 759 979 virorum
782 917 917 997 sepulcra
937 933 1139 996 cognoscere

202 1010 293 1069 ierias
316 1005 448 1066 llanibus
468 1003 563 1063 dabat.
595 1002 754 1063 (laesorum
779 1001 861 1062 clade
884 1001 1021 1062 Variana
1049 1014 1139 1066 veter

202 1093 351 1170 dispersas
368 1087 508 1166 reliquias
518 1104 575 1146 uno
592 1086 700 1146 tumulo
713 1086 889 1162 humaturus,
903 1085 1066 1163 colligere
1080 1107 1136 1149 sua

202 1185 231 1235 et
249 1180 434 1251 comportare
455 1171 563 1250 primus
585 1171 744 1248 adgressus
762 1180 816 1231 est.
845 1169 1139 1233 Obtrectatoribusr

204 1257 430 1339 qualescumque
446 1263 475 1314 et
491 1265 720 1336 quantacumque
737 1256 773 1315 de
790 1272 876 1315 cansa
891 1263 1022 1315 nanctus
1041 1267 1139 1336 esset,

203 1343 277 1405 adeo
293 1350 322 1402 et
337 1341 489 1417 innoxius,
505 1349 535 1400 ut
555 1339 653 1401 Pisoni
674 1341 793 1400 decreta
811 1357 861 1399 sua
879 1338 1089 1419 rescindenti‚
1109 1342 1138 1402 cl

202 1427 246 1490 ,¹as
261 1427 407 1487 divexanri
422 1442 481 1485 non
494 1427 575 1504 prius
587 1442 762 1485 suscensere
774 1425 803 1482 in
817 1425 940 1483 animum
954 1423 1131 1503 induxerit,

203 1512 355 1572 veneficiis
369 1526 486 1589 quoque
502 1518 531 1569 et
549 1508 754 1569 devotionibus
770 1507 932 1587 impugnari
950 1525 984 1567 se
1003 1526 1139 1589 comper

204 1615 238 1658 ac
260 1612 297 1655 ne
319 1603 387 1653 tunc
409 1592 522 1672 quidem
544 1592 619 1652 ultra
637 1609 829 1672 progressus,
854 1608 939 1669 quam
960 1600 992 1651 ut
1012 1596 1139 1654 amiciti:

203 1698 284 1740 more
305 1676 444 1737 malorum
459 1678 635 1735 renuntiaret
652 1675 857 1754 mandaretque
873 1674 1054 1737 domesticis
1072 1679 1139 1739 ultia

171 1760 227 1826 lsi
245 1761 311 1842 quid
334 1759 387 1818 sibi
410 1758 566 1818 accideret.
602 1759 727 1833 Quarum
741 1761 876 1819 virtutum
896 1759 1025 1820 fructum
1043 1761 1139 1824 uberr

203 1847 283 1921 tulit,
313 1843 355 1902 sic
377 1842 515 1921 probatus
538 1850 567 1901 et
588 1843 712 1903 dilectus
736 1845 844 1920 asnis,
861 1851 891 1902 ut
906 1842 1085 1923 Augustus,
1105 1851 1139 1928 (o

204 1932 278 1990 enim
295 1926 528 1986 necessitudines
545 1926 690 2006 reliquas)
703 1927 752 1987 din
767 1936 916 1987 cunctatus
931 1945 968 1987 au
984 1928 1047 1989 sibi
1065 1951 1139 1992 suco

203 2030 264 2074 rem
280 2011 450 2087 destinaret,
466 2010 660 2089 adoptandum
675 2012 794 2072 'liberio
809 2012 937 2081 dederit;
959 2013 1005 2072 sic
1023 2016 1128 2094 vulgo

203 2096 315 2172 rabilis,
333 2104 363 2155 ut
380 2095 495 2175 plurimi
511 2096 634 2174 tradant,
659 2098 794 2176 quotiens
814 2095 912 2175 aliquo
928 2094 1091 2159 adveniret
1116 2119 1137 2159 v

205 2182 297 2244 eunde
312 2179 487 2257 discederet,
509 2199 581 2260 prae
597 2181 679 2241 turba
696 2181 908 2242 occurrentium
931 2187 1137 2262 prosequenti

203 2283 412 2344 nonnumquam
434 2284 498 2324 eum
519 2264 673 2326 discrimen
699 2267 775 2325 vitae
799 2265 909 2342 adisse,
928 2283 944 2324 e
967 2265 1135 2329 Germania

203 2359 272 2432 post
294 2367 492 2428 compressam
513 2349 683 2410 seditionem
702 2351 860 2410 revertenti
882 2351 1092 2428 praetorianas
1114 2372 1139 2414 c«

202 2445 248 2495 tes
268 2435 419 2494 universas
437 2433 573 2512 prodisse
596 2434 725 2511 obviam,
747 2436 876 2513 quamvis
897 2436 1123 2512 pronuntiatum

203 2526 234 2577 ut
256 2517 329 2576 duae
345 2526 452 2576 tantum
473 2519 560 2578 modo
583 2521 705 2594 exirent,
729 2519 830 2598 populi
848 2527 942 2578 autem
958 2518 1088 2579 Romani
1106 2541 1139 2582 se

204 2610 338 2675 aetatem,
361 2600 490 2660 ordinem
512 2620 624 2661 omnem
639 2621 730 2682 usque
749 2603 785 2663 ad
801 2604 969 2663 uicesimum
989 2602 1127 2681 lapidem

172 2689 188 2742 5
205 2685 283 2744 disse
308 2702 351 2742 se.
398 2684 506 2744 'lamen
528 2685 618 2764 longe
631 2690 739 2747 maiora
756 2697 784 2747 et
807 2688 933 2748 lirmiora
951 2686 988 2746 de
1005 2705 1046 2747 eo
1063 2690 1139 2750 indu

203 2777 297 2829 morte
318 2784 353 2827 ac
373 2778 441 2847 post
463 2779 585 2830 mortem
608 2773 772 2831 extiterunt.
818 2772 882 2846 Quo
906 2770 1065 2832 defunctus
1090 2784 1140 2834 est

205 2852 331 2933 lapidata
351 2863 416 2912 sunt
437 2855 558 2934 templa,
579 2855 737 2916 subversae
753 2855 835 2916 deum
852 2874 936 2933 arae,
952 2855 1044 2915 Lares
1061 2875 1079 2917 a
1096 2877 1139 2937 qu

203 2939 267 2999 dam
283 2937 439 2998 familiares
454 2940 482 2997 in
498 2939 643 3018 publicum
660 2940 775 3018 abiecti,
791 2950 890 3020 partus
903 2941 1062 3018 coniugum
1073 2961 1137 3023 exp

205 3024 279 3098 Quin
294 3031 322 3081 et
339 3021 481 3082 barbaros
498 3024 605 3100 ierunt,
622 3024 725 3102 quihus
740 3026 905 3084 intestinum
923 3024 1092 3104 quibusque
1109 3046 1139 3088 aa

205 3126 254 3167 sus
270 3124 324 3166 nos
343 3106 450 3166 bellum
466 3118 561 3184 esset,
587 3109 666 3168 velut
688 3111 716 3168 in
732 3109 893 3169 domestico
910 3112 1119 3190 communique

205 3209 290 3266 rore,
325 3193 512 3252 consensisse
539 3193 573 3253 ad
600 3184 736 3298 indutp‘as;
770 3194 889 3271 regulos
919 3193 1061 3271 quosdam
1092 3195 1139 3257 har

206 3278 341 3353 posuisse
357 3286 386 3336 et
402 3294 522 3337 uxorum
539 3280 633 3356 capita
646 3278 755 3336 rasisse
769 3278 804 3337 ad
819 3277 951 3337 indicium
964 3280 1085 3338 maximi
1102 3279 1139 3340 lm

204 3377 306 3436 regum
321 3364 406 3421 etiam
426 3380 527 3439 regem
545 3371 573 3421 et
586 3364 795 3422 exercitatione
810 3360 934 3422 venandi
951 3370 981 3421 et
995 3365 1139 3424 convictu
