2286 3862
114 175 177 237 262
367 185 398 233 c.
411 183 601 233 susnornus
616 182 861 243 murnentanus

116 344 163 422 qui
177 344 285 421 primus
299 341 357 401 boc
373 357 536 418 cognomen
546 339 602 399 sibi
612 338 781 415 vindicavit,
806 338 965 419 multiplici
981 344 1123 424 variaque

115 428 244 486 doctrina
257 424 438 484 censebatur.
461 421 545 499 Quod
556 441 626 482 sane
636 441 674 482 ex
686 424 902 483 commentariis
913 425 980 486 eius
987 440 1122 507 apparet,

115 527 276 590 quanquam
304 509 468 589 paucissimi
491 516 604 577 exteut;
636 506 672 566 de
693 523 815 585 quorum
842 516 942 569 mmen
961 513 1052 591 copia
1081 516 1122 573 sic

115 595 206 654 altera
218 593 253 654 ad
266 593 386 653 eundem
397 591 530 651 Hermam
545 590 670 671 epistola
684 592 845 668 significat:
863 589 961 671 Hylan
972 602 1120 657 omnum

115 679 188 739 aliis
198 683 343 738 memento
360 675 587 752 commendare,
605 691 696 753 qnam
707 674 805 735 omnis
813 676 942 753 pm
950 678 1139 757 caecinnae

113 763 160 824 nti
172 763 253 836 scis,
269 761 458 839 octinpentoe
472 760 505 819 in
521 757 627 821 libros.
663 758 758 819 coluit
772 767 878 838 postea
894 758 1109 823 familiarissime

115 845 148 908 G.
166 844 331 905 Sallustium
352 851 380 903 et
396 861 432 903 co
446 842 581 903 defuncto
597 842 727 902 Asinium
743 842 926 921 Pollionem,
942 844 1116 923 quosbisto·

112 931 184 990 mam
200 945 377 1008 oomponcrc
393 945 568 1005 aggressos,
585 927 704 987 alterum
724 926 868 989 breviario
880 946 984 989 reram
1000 933 1120 991 amnium

112 1014 316 1086 Romanarum,
330 1031 368 1071 ex
382 1012 485 1090 quibus
497 1029 569 1091 quas
580 1011 671 1072 vellet
686 1011 820 1090 eligeret,
834 1014 988 1091 instruxit,
1002 1014 1119 1075 alterum

113 1101 281 1179 praeceptis
299 1096 335 1156 de
356 1098 468 1155 ratione
488 1095 643 1156 scribendi.
681 1095 745 1172 Quo
767 1098 860 1174 magis
880 1098 978 1159 miror
993 1096 1140 1160 Αιιιιιιιιιιιι

114 1181 286 1257 credidisse,
299 1181 416 1256 antiqua
427 1196 492 1239 cum
504 1179 593 1240 verba
603 1188 632 1239 et
645 1181 752 1258 figuras
763 1178 879 1241 solitum
892 1199 966 1242 esse
979 1183 1113 1262 colligere

114 1264 267 1332 Sallustio;
281 1281 345 1323 cum
357 1261 413 1322 sibi
425 1266 500 1323 sciat
512 1264 582 1324 nihil
594 1263 670 1324 aliud
682 1264 805 1324 suadere
820 1282 907 1343 quam
918 1274 950 1326 ιιι
963 1277 1042 1329 ιιοιο
1059 1271 1116 1329 ciri·

113 1348 193 1426 lique
211 1357 241 1407 ct
260 1349 380 1426 proprio
395 1365 529 1408 sermone
545 1357 653 1425 utatur,
674 1350 805 1428 nitetque
816 1350 944 1411 maxime
957 1350 1115 1414 obscurita-

114 1440 171 1492 tem
188 1431 316 1492 Sallustii
331 1441 361 1490 et
375 1431 523 1493 audaciam
538 1435 567 1492 iu
584 1432 826 1494 translationibus.

72 1536 104 1590 11
176 1516 207 1577 P.
224 1516 359 1576 Valerius
376 1514 465 1593 Cato,
485 1527 516 1577 ut
531 1517 660 1577 nonnulli
676 1516 864 1597 tradiderunt,
880 1518 1016 1583 Burseni
1031 1526 1138 1584 cuius-¹⁵

113 1602 179 1662 dam
199 1600 321 1660 libertus
341 1618 379 1660 ex
402 1599 510 1670 (lallia;
539 1601 605 1679 ipsc
624 1601 741 1679 libello,
764 1604 809 1662 cui
832 1612 879 1663 est
900 1606 1009 1667 titulus
1028 1606 1116 1669 ludi·

113 1685 259 1763 gnatio,
275 1687 430 1763 ingenuum
445 1703 478 1745 se
495 1693 590 1745 natum
605 1687 645 1746 ait
658 1694 687 1746 et
703 1686 843 1765 pupillum
857 1687 1016 1770 relictum,
1031 1708 1117 1771 eoque

113 1769 228 1830 facilius
243 1769 359 1829 licentia
375 1768 486 1844 Syllani
501 1772 641 1847 temporis
656 1778 771 1830 exutum
787 1772 980 1851 patrimonio.
1017 1774 1118 1837 Docuit

113 1854 218 1913 multos
234 1863 264 1913 et
279 1853 407 1930 nobiles,
429 1854 567 1932 visusque
585 1862 631 1912 est
646 1854 822 1934 peridoneus
839 1868 1045 1939 praeceptor,
1064 1878 1116 1920 ma·

113 1940 190 1996 xime
213 1936 249 1996 ad
271 1939 415 2015 poeticam
433 1936 632 2015 tendentibus,
652 1947 682 1997 ut
701 1938 815 2018 quidem
830 1958 985 2021 apparere
1010 1944 1060 2007 vel
1076 1942 1129 2007 bis

113 2021 268 2081 versiculis
283 2030 396 2101 potest:

321 2109 386 2166 Octo
399 2112 609 2182 prnmmuticns,
626 2111 727 2167 Latina
744 2111 834 2183 Siren,

321 2192 376 2260 Qui
385 2196 460 2249 solus
474 2196 535 2266 lepit
550 2210 585 2249 uc
597 2194 669 2266 fucit
691 2202 800 2268 poetas.

112 2272 142 2333 Is
165 2275 283 2352 scripsit
301 2282 418 2351 praeter
438 2276 642 2351 grammaticos
660 2274 778 2336 libellos
801 2278 887 2338 etiam
905 2291 1067 2362 poemata,
1087 2301 1119 2344 ex

114 2357 218 2436 quibus
238 2359 395 2436 praecipue
407 2357 565 2436 probantur
581 2355 691 2433 Lydia
710 2359 872 2422 ctDiaua.
896 2362 1013 2439 Lydiae
1025 2366 1141 2429 Ticidan

113 2443 254 2502 meminit:

329 2530 417 2603 Lydia
433 2532 573 2586 doctorum
589 2534 712 2588 muniris
723 2549 794 2589 curu
808 2534 892 2597 labem·

113 2607 224 2669 Dianae
240 2606 343 2669 cinna:

287 2696 389 2753 Secula
399 2707 568 2770 permanent
578 2703 668 2757 nostri
681 2701 820 2774 Dictynna
835 2702 957 2760 canna.

114 2778 195 2838 Vixit
209 2777 245 2837 ad
257 2786 414 2838 extremam
428 2789 592 2858 senectam,
608 2780 661 2841 sed
676 2781 705 2840 in
719 2799 826 2841 summa
838 2785 987 2862 pauperie
1002 2796 1034 2849 et
1048 2804 1119 2867 pena

113 2861 229 2938 inopia,
245 2861 358 2922 abditus
372 2863 488 2924 modico
503 2867 672 2941 gurgustio,
692 2874 845 2944 postquam
861 2864 1035 2932 Tusculana
1055 2870 1120 2931 uilla

114 2943 306 3004 creditoribus
321 2955 467 3024 cesserat,
483 2956 513 3006 ut
529 2957 630 3008 auctor
645 2958 691 3009 est
704 2948 877 3011 Bibaculus:

320 3033 352 3090 Si
366 3038 427 3109 qnia
438 3035 513 3108 forte
529 3038 583 3092 mei
594 3038 702 3094 domum
717 3037 838 3103 omna.

317 3119 449 3189 Depictua
462 3122 544 3176 minio
559 3124 682 3192 assulas,
697 3127 725 3178 ei
735 3122 795 3179 allos

317 3201 439 3258 Custodit
454 3205 527 3260 videt
540 3205 663 3263 tatutis
674 3205 790 3279 Priapi.-

318 3283 455 3356 Mirntnr,
470 3289 565 3359 quidne
577 3291 621 3346 tlte
634 3292 783 3362 disciplinae

319 3367 435 3425 Tantum
449 3373 484 3425 cit
498 3375 660 3445 sapientium
676 3381 828 3445 assecutus,

321 3452 405 3522 Quem
420 3458 476 3509 tres
490 3459 631 3528 eutimii,
646 3459 748 3515 selibra
759 3460 864 3534 furris,
