2334 3870
476 201 646 250 umnmns.
1012 189 1053 250 97

56 357 138 417 Liria
157 364 186 416 et
206 373 240 416 ea
262 355 383 416 conscio
398 353 515 415 Tiberio
539 375 574 417 an
596 358 718 435 ignaro,
741 356 889 427 dictasset.
922 354 1053 415 Tiberius

58 440 228 500 renuntianti
243 439 375 514 tribuno,
392 438 498 498 iactum
514 458 581 500 esse
594 441 672 521 qnod
685 443 875 521 imperasset,
891 456 987 518 neque
999 438 1052 499 im·

56 541 187 603 perusse
208 539 242 583 se
262 529 292 583 et
308 521 500 584 redditurum
514 542 580 585 eum
595 527 719 589 secans
731 527 883 586 sotionem
897 521 1054 602 respoudit,

58 608 192 668 invidiam
207 607 323 666 scilicet
336 609 364 665 in
379 610 544 684 praesentia
560 610 660 668 vitans.
694 609 766 673 Nam
780 626 848 669 mcx
865 607 979 668 silentio
994 623 1055 675 rem

33 691 233 753 cobliteravit.
267 689 333 749 lure
354 698 448 749 autem
469 691 635 751 tribuniciae
656 695 809 771 potestatis
830 701 933 757 coacto
954 698 1056 759 senatu
1064 694 1098 749 23

56 775 251 851 inchoataquc
274 771 472 851 adlocutione,
495 774 653 852 derepente
674 776 754 837 velut
773 781 862 854 impar
877 775 971 836 dolori
983 790 1055 838 ‚oens

58 858 177 934 gemuit,
194 865 280 935 utque
295 873 352 916 uon
370 857 462 916 solum
477 875 537 917 vox
552 856 604 918 sed
619 867 647 917 et
660 860 776 937 spiritus
793 859 929 919 detineret
946 857 1056 938 optavit

59 959 95 1001 ac
115 939 323 1018 perlegendum
344 940 447 1001 librum
466 941 562 1001 Druso
583 942 642 1004 tilio
663 941 788 1003 tradidit.
819 941 938 1002 lnlatum
951 939 1055 1011 deinde

56 1023 182 1100 Augusti
198 1033 404 1101 testamentum,
422 1042 480 1084 non
496 1026 627 1086 admissis
640 1025 836 1104 signatoribus
850 1025 905 1083 nisi
921 1023 1058 1093 senatorii

17 1125 47 1169 ao
57 1106 180 1184 ordinis,
206 1109 313 1167 ceteris
336 1119 417 1169 extra
437 1112 543 1172 curiam
560 1111 643 1186 signa
660 1108 902 1189 agnoscentibus,
925 1107 1059 1179 recitauit

57 1210 111 1272 per
125 1190 267 1250 libertum.
299 1192 475 1255 Testamenti
496 1196 603 1255 initium
615 1196 685 1258 fuit:
709 1193 863 1268 Quoniam
880 1200 977 1262 atros
987 1190 1055 1269 for·

57 1282 131 1336 tuna
149 1274 260 1334 Gaium
274 1280 304 1334 et
319 1275 445 1336 unctum
464 1277 547 1352 titios
566 1278 640 1344 mibi
657 1279 785 1355 eripuit,
816 1276 958 1348 Tiberius
975 1274 1055 1338 Cae·

57 1377 114 1420 sur
136 1357 210 1415 mint
231 1375 271 1415 em
289 1366 382 1432 parte
396 1357 525 1416 dimidio
541 1365 569 1416 et
584 1367 725 1419 sectante
739 1361 828 1420 berec
843 1368 916 1421 esto.
949 1361 1012 1431 Quo
1029 1367 1059 1416 et

58 1443 124 1518 ipso
143 1446 226 1496 aucta
241 1439 363 1514 suspitio
382 1445 428 1495 est
441 1440 625 1514 opinantium,
642 1457 843 1499 successorem
857 1443 977 1499 ascitum
995 1457 1059 1498 eum

19 1521 236 1586 annecessitate
251 1521 344 1596 magis
358 1536 441 1599 quam
456 1519 577 1595 iudicio,
595 1519 707 1599 qnando
723 1522 762 1580 ita
778 1522 904 1598 praefari
918 1538 976 1579 non
995 1518 1059 1579 abs·

59 1607 183 1666 tinuerit.

122 1689 329 1765 Principatum,
357 1688 485 1766 quamvis
506 1706 600 1768 neque
620 1704 765 1768 occupare
789 1687 941 1747 confestim
966 1692 1102 1764 aequata

60 1791 151 1851 agere
171 1771 345 1846 dubitasset,
369 1779 399 1830 et
417 1773 542 1832 statione
563 1773 697 1849 militum,
722 1772 846 1853 lpqfflt
866 1773 894 1830 vi
915 1778 944 1830 et
958 1771 1059 1848 specie

59 1855 258 1917 dominationis
275 1863 437 1934 assumpta,
454 1855 500 1916 diu
518 1866 611 1917 tamen
628 1858 792 1931 recusavit,
815 1854 1059 1933 impudentissimo

18 1969 50 2013 20
58 1944 144 2001 mimo
163 1957 237 1998 nunc
253 1937 429 1998 adhortantis
446 1942 553 2001 amicos
569 1943 723 2019 increpans
738 1949 768 2000 ut
781 1941 927 2017 idaturos,
943 1945 1060 2020 quanto

60 2025 163 2086 bellua
178 2028 260 2082 esset
273 2022 446 2098 imperium,
468 2042 543 2084 nunc
560 2033 726 2102 precantem
741 2031 868 2083 senatum
884 2033 913 2083 et
927 2041 1058 2102 procum-

59 2110 176 2170 bentem
199 2104 254 2164 sibi
274 2104 309 2163 ad
331 2123 425 2181 genua
447 2106 587 2184 ambiguis
608 2110 759 2187 responsis
781 2115 811 2167 et
827 2107 931 2166 callida
947 2117 1059 2167 cuncta·

60 2195 138 2254 tione
153 2188 348 2268 suspendens:
366 2195 395 2247 ut
410 2189 522 2268 quidam
536 2191 701 2268 patientiam
714 2199 881 2270 rumperent
893 2198 978 2269 atque
989 2208 1059 2260 unus

60 2280 89 2336 in
104 2273 222 2335 tumultu
234 2272 443 2351 proclamaret:
459 2271 522 2334 Aut
535 2281 625 2352 apat,
645 2281 700 2335 aut
713 2275 861 2336 desistat!
875 2274 948 2333 alter
965 2290 1062 2332 coram

20 2385 51 2426 25
62 2357 271 2440 exprobraret,
287 2365 414 2433 ceteros,
431 2357 507 2436 quod
523 2358 644 2437 polliciti
660 2360 716 2419 sint
733 2360 814 2419 tarde
832 2366 994 2437 praestare,
1010 2354 1062 2415 sed

60 2447 171 2524 ipsum,
188 2439 264 2520 qnod
282 2448 412 2519 praestet
428 2442 508 2502 tarde
524 2441 668 2521 polliceri.
695 2442 821 2505 Tandem
838 2443 919 2521 quasi
934 2449 1060 2518 coactus,

62 2537 92 2589 et
113 2542 238 2606 querens
259 2524 405 2585 misnam
426 2532 456 2585 ct
474 2545 639 2588 onerosam
654 2527 774 2608 tntuopt
793 2525 854 2587 stbs'
876 2526 1060 2602 servitutem,

61 2611 175 2690 recepit
194 2610 356 2688 imperium;
377 2628 432 2669 nec
448 2619 542 2671 tamen
559 2611 651 2687 aliter,
668 2629 750 2691 quam
762 2619 796 2670 ut
818 2611 1013 2688 depositurum
1029 2628 1061 2669 sc

62 2694 233 2776 quandoque
249 2711 330 2774 spem
345 2694 466 2754 taceret.
481 2694 575 2776 Ipsius
590 2695 680 2756 verba
696 2704 774 2755 sunt:
796 2694 877 2755 Dum
888 2694 1008 2754 veniam
1020 2692 1064 2753 ud

22 2778 98 2848 aoid
120 2786 253 2857 tempus,
280 2795 339 2857 quo
359 2777 450 2839 cobis
465 2797 595 2879 aequam
610 2781 713 2859 possit
725 2779 828 2841 videri
839 2778 919 2839 dare
931 2794 988 2838 cos
1003 2777 1061 2838 cli·

62 2882 155 2945 qoam
168 2861 316 2923 senectuti
326 2880 413 2922 meae
425 2881 569 2945 requaem.

126 2944 283 3008 Cunctandi
308 2964 393 3006 cansa
411 2955 473 3007 erat
496 2959 588 3012 metus
604 2949 727 3029 undique
745 2948 949 3007 imminentium
964 2943 1104 3007 disent-ns

62 3033 187 3108 minum,
207 3040 237 3089 ut
255 3046 345 3108 saepe
367 3029 472 3108 lupum
486 3049 520 3093 se
535 3032 665 3094 nuribus
681 3041 782 3094 tenere
796 3033 916 3092 diceret.
947 3029 1020 3090 Nam
1035 3035 1064 3086 et

63 3134 166 3176 servus
180 3113 332 3192 Agrippae
349 3111 485 3174 clemens
498 3119 612 3177 nomine
627 3135 686 3178 non
700 3115 936 3178 contemnendam
951 3130 1064 3174 manum

26 3201 93 3263 scin
107 3200 244 3260 ultionem
260 3195 365 3256 domini
382 3210 573 3279 compararat,
591 3210 620 3261 et
634 3200 664 3261 L.
682 3201 849 3262 Scribonius
867 3199 937 3260 Libo
954 3201 998 3258 vir
1012 3214 1062 3257 no·

62 3284 130 3345 bilis
145 3303 193 3345 res
208 3298 299 3344 novas
317 3282 390 3343 clam
404 3283 595 3363 moliebatur,
615 3294 645 3345 et
660 3285 768 3366 duplex
784 3285 885 3346 seditio
902 3284 1019 3344 militum
1036 3281 1064 3340 in

62 3367 183 3445 Illyrico
202 3377 231 3430 et
244 3368 273 3426 in
289 3365 438 3428 Germania
454 3379 556 3431 exorta
571 3379 625 3430 est.
654 3369 837 3448 Flagitabant
853 3368 935 3428 ambo
952 3367 1063 3428 exerci-

63 3461 109 3514 tus
124 3452 212 3514 multa
226 3457 308 3512 extra
325 3450 463 3532 ordinem,
479 3463 546 3516 ante
561 3456 655 3517 omnia
671 3463 701 3514 ut
719 3462 910 3533 aequarentur
922 3449 1064 3534 stipendio

115 3557 269 3599 snnronms.
880 3540 899 3596 7
