2286 3862
117 165 180 227 202
203 175 232 225 c.
248 172 398 223 sunroru
416 170 543 231 nanno.
559 170 608 217 oa
622 169 705 217 vrrs
728 167 912 218 caussatur
925 169 1003 218 ura.
1018 170 1082 221 vn.

119 332 268 410 sequentis
280 347 382 406 casus,
401 344 459 406 quo
471 326 583 387 medius
603 325 678 386 inter
695 323 846 404 utriusque
860 322 938 385 dlios
958 326 1059 388 extitit
1076 328 1123 389 im·

119 424 290 559 perahoiiaio
300 495 429 558 caesare
444 490 487 578 [io
498 494 598 555 lumem
609 492 773 572 Gaetullici
784 491 969 572 substitutus,
981 495 1124 574 postridie

119 601 203 664 quarn
219 583 255 643 ad
267 583 401 660 legiones
413 578 509 658 venit,
527 578 659 639 sollemni
671 576 749 637 forte
761 576 934 659 spectaculo
949 576 1122 657 plaudentes

116 667 253 744 inhibuit,
267 667 330 727 data
343 673 470 740 tessera,
488 672 519 723 nt
533 681 632 724 manus
651 661 776 742 paenula
791 661 996 735 continerent;
1012 664 1140 725 mutim-s

118 772 174 833 que
187 770 240 831 per
252 758 348 811 eastra
362 749 496 809 iactatum
507 755 567 808 est:

194 834 289 895 Disce
301 832 389 896 miles
403 832 551 908 militare,
567 830 672 892 Galba
687 836 743 909 eet,
759 848 823 892 ooo
838 828 1043 893 occultaret

116 920 182 981 Pari
193 917 352 979 severitate
364 916 512 978 interdixit
524 924 701 977 commeatus
713 916 783 995 peti.
807 916 992 977 veteranum
1005 917 1118 978 actiro·

116 1021 182 1064 nem
193 1002 312 1063 militem
324 1019 417 1083 opere
430 999 546 1061 assiduo
564 999 777 1083 corroboravit,
791 1007 965 1079 matureque
976 999 1120 1077 herberie,

117 1088 165 1167 qui
188 1088 290 1149 iamin
310 1085 541 1163 (lolliamusgue
563 1092 773 1164 proruperant,
794 1084 949 1162 coercitis,
972 1084 1137 1165 praesentis

116 1189 233 1250 quoque
247 1169 318 1230 Gaio
334 1169 422 1229 talem
435 1176 464 1227 et
476 1185 509 1226 se
526 1176 555 1226 et
567 1170 728 1228 exercitum
740 1167 930 1248 approbavit,
949 1169 1072 1231 utinter
1084 1169 1121 1228 in·

115 1271 249 1314 numeras
267 1261 491 1330 correctusque
513 1269 551 1310 ex
567 1253 699 1312 omnibus
721 1251 881 1332 provinciis
901 1252 1008 1333 copias
1024 1271 1121 1334 neque

114 1339 307 1399 testimoninm
330 1355 427 1416 neque
446 1335 574 1416 praemia
594 1337 735 1417 ampliora
753 1337 805 1397 ulli
830 1335 1043 1417 percipereut3
1060 1340 1121 1418 ipse

114 1423 237 1484 maxime
249 1422 386 1500 insignis,
400 1419 477 1500 quod
490 1431 683 1500 campestrem
694 1420 897 1482 decursionem
916 1429 1004 1484 scuto
1020 1421 1119 1483 mode·

113 1514 204 1584 ratus,
221 1507 306 1567 etiam
318 1506 353 1568 ad
367 1504 502 1565 essedum
514 1505 698 1586 imperatoris
711 1522 765 1584 per
776 1505 878 1584 viginti
890 1519 1032 1585 passuum
1044 1507 1120 1567 milia
1138 1530 1143 1552 2

115 1592 254 1651 cucurrit.

85 1687 102 1743 7
179 1674 277 1736 Caede
291 1674 342 1737 Gai
355 1674 499 1752 nuntiata,
514 1673 609 1733 multis
629 1673 665 1734 ad
683 1674 871 1734 occasionem
895 1673 1118 1752 stimulantibus,

115 1759 240 1838 quictem
254 1757 397 1838 praetulit.
422 1757 479 1818 Per
502 1757 558 1818 huc
575 1759 758 1836 gratissimus
778 1756 898 1819 Claudio
917 1767 1118 1840 receptusque

113 1844 142 1903 in
158 1843 309 1904 cohortem
321 1842 494 1919 amicorum,
513 1849 609 1902 tantae
621 1840 796 1920 dignationis
809 1851 854 1902 est
864 1840 996 1922 habitus,
1011 1852 1044 1903 ut
1059 1861 1118 1905 cum

114 1927 207 1987 subita
219 1927 246 1984 ei
259 1925 384 1985 valitudo
398 1944 455 1986 nec
466 1925 539 1987 adeo
551 1927 651 2003 gravis
662 1926 826 2005 incidisset,
848 1924 953 1987 dilatus
971 1928 1009 1987 sit
1028 1946 1116 2008 expe
1130 1956 1139 1972 ν

114 2010 230 2069 ditionis
243 2008 425 2070 Britannicae
438 2009 510 2070 dies.
526 2009 655 2070 Africam
667 2028 722 2090 pro
735 2010 856 2071 consule
867 2008 987 2071 biennio
1003 2012 1117 2092 optinu-

113 2095 134 2153 it
146 2101 228 2153 extra
246 2102 353 2154 sortem
373 2094 485 2155 electus
498 2092 535 2154 ad
545 2092 730 2156 ordinandam
744 2095 925 2174 provinciam
937 2104 968 2154 et
980 2096 1117 2157 intestina

113 2177 295 2239 dissensione
314 2188 342 2239 et
364 2179 553 2240 barbarorum
569 2179 690 2240 tumultu
716 2181 886 2260 inquietam3
911 2177 1117 2261 ordinavitque

112 2281 216 2341 magna
230 2263 394 2324 severitatis
412 2281 448 2324 ac
466 2263 590 2323 iustitiae
612 2280 696 2342 cura,
718 2266 802 2325 etiam
819 2265 848 2324 in
866 2263 998 2343 parvulis
1014 2264 1116 2326 rebus.

111 2347 205 2424 Militi,
224 2348 272 2426 qui
284 2366 338 2427 per
350 2347 566 2427 expeditionem
577 2350 719 2409 artissima
736 2366 850 2410 annona
867 2347 1015 2410 residuum
1036 2349 1114 2412 ciba·
1130 2368 1142 2388 ·

112 2434 220 2493 riorum
239 2432 326 2491 tritici
337 2432 462 2492 modium
475 2441 589 2493 centum
602 2432 729 2493 denariis
742 2433 910 2494 uendidisse
923 2432 1115 2512 arguebatur,

113 2518 214 2592 vetuit,
231 2516 314 2576 simul
327 2524 413 2595 atque
425 2515 558 2594 indigere
571 2516 636 2577 cibo
649 2517 813 2597 coepisset,
829 2536 845 2578 a
861 2534 1007 2597 quoipmm
1026 2536 1116 2599 opem

112 2600 196 2669 terri3
210 2608 239 2659 et
251 2601 275 2659 is
288 2599 363 2660 lame
376 2601 513 2661 extabuit.
534 2601 573 2661 ht
585 2602 614 2661 in
627 2603 689 2662 iure
701 2601 826 2663 dicendo
841 2620 905 2661 cum
923 2600 960 2661 dc
979 2605 1115 2683 proprie·

111 2693 170 2745 tate
182 2684 300 2744 iumenti
312 2692 512 2762 quaereretur,
525 2684 640 2745 levibus
653 2685 795 2765 utrimque
807 2686 985 2765 argumentis
997 2687 1114 2749 ettcsti·

110 2767 165 2829 bus
176 2768 302 2845 ideoque
315 2767 424 2828 difficili
437 2769 604 2830 coniectura
615 2771 755 2848 veritatis,
771 2771 810 2831 ita
829 2769 961 2831 decrevit
971 2779 1003 2831 ut
1019 2770 1059 2832 ad
1074 2772 1114 2833 la·
1128 2795 1141 2817 ’ψ

112 2870 190 2929 cum,
210 2851 258 2910 ubi
271 2851 407 2931 adaquari
419 2852 548 2931 solebat,
569 2853 723 2915 duceretur
740 2856 836 2934 capite
857 2854 1003 2934 involuto,
1024 2864 1115 2936 atque

110 2934 217 2997 ibidem
233 2936 366 2996 revelato
385 2938 447 2998 eius
465 2947 560 3016 esset,
582 2938 617 2998 ad
635 2957 719 3018 quem
739 2949 845 3019 sponte
862 2957 894 2999 sc
914 2947 1017 3018 apotu
1029 2958 1113 3001 rece·

132 3021 214 3081 isset.

81 3040 130 3181 gp
172 3102 215 3164 Ob
229 3120 277 3162 res
288 3112 317 3163 et
328 3113 395 3164 tunc
406 3107 434 3165 in
449 3105 550 3166 Africa
565 3114 594 3165 et
607 3107 675 3166 olim
691 3109 719 3167 in
738 3106 888 3169 Germania
906 3115 1009 3187 gestas
1027 3125 1113 3170 orna·

110 3198 204 3250 menta
216 3186 399 3265 triumphalia
412 3192 527 3270 accepit
542 3199 571 3250 ct
585 3191 778 3252 sacerdotium
792 3192 916 3272 triplex,
934 3193 1011 3253 inter
1028 3194 1111 3273 quin-
1127 3224 1141 3243 1-

111 3272 285 3333 decimviros
298 3271 474 3353 sodalesque
488 3275 579 3336 Titios
593 3275 661 3336 item
678 3275 858 3355 Augustales
878 3286 1034 3356 cooptatus
1043 3300 1051 3349 ;
1070 3286 1111 3340 at·

111 3374 167 3435 que
180 3376 217 3418 ex
230 3374 266 3417 eo
279 3364 411 3436 tcr'nporc
425 3375 520 3437 prope
532 3358 568 3419 ad
583 3360 704 3421 medium
722 3359 848 3421 Neronis
868 3363 1065 3440 principatum
1082 3363 1113 3423 in

109 3458 230 3504 secessu
243 3442 393 3522 plurimum
405 3443 484 3521 vixit,
498 3444 550 3522 (nc
563 3442 599 3503 ad
607 3446 777 3522 gestandum
788 3444 901 3524 quidem
913 3448 1113 3527 umquamitcr
