2286 3862
193 203 301 251 LXXVI
536 198 741 248 PRAEFATIO.

198 379 261 431 res,
291 366 331 415 tot
360 359 434 415 docti
458 359 582 415 homines
603 358 801 414 intellexeruut
828 365 987 431 nostraque
1014 367 1106 419 aetate

197 445 357 502 bridericus
373 443 477 497 Ritscbl
493 442 520 496 in
536 442 665 511 Parergis
685 449 741 513 lp·
759 447 824 512 619,
841 441 965 499 Carolus
980 443 1104 502 Frideri·

196 547 246 587 cus
269 529 405 584 Hermann
430 525 457 579 in
477 532 680 597 programmate
700 524 848 596 Gottingae
868 544 893 583 a.
917 531 994 587 1848
1018 528 1103 599 edito,

196 613 360 669 Theodorus
377 610 526 665 Mommsen
542 610 570 664 in
586 609 830 665 dissertationibus
844 611 998 667 societatis
1016 611 1105 669 Saxo

195 698 276 754 nicae
293 703 307 753 l
325 712 351 766 p.
368 698 420 753 673
436 699 491 748 tam
506 694 645 749 luculente
656 693 924 765 demonstraveruut,
943 699 977 750 nt
991 710 1046 752 res
1059 712 1106 768 pro

196 780 325 838 conlecta
349 778 447 834 baberi
475 778 584 833 debeat.
629 777 724 848 ltaque
747 778 929 834 excusatione
955 794 1035 851 opus
1056 796 1106 836 noo

197 863 267 933 erit,
283 863 358 934 quod
373 861 421 917 illa
443 861 604 931 Hieronymi
623 861 805 917 additamenta
830 861 858 916 in
878 862 934 916 hoc
951 862 1105 920 Suetoniu-

196 963 291 1003 uarum
308 945 488 1017 reliquiarum
507 961 608 1016 corpus
629 944 733 1016 recepi.
780 944 846 1001 (lum
867 951 961 1000 tamen
976 946 1029 1002 vel
1054 947 1105 1003 illis

196 1030 323 1103 egregiis
357 1029 498 1085 iudicibus
527 1027 713 1084 dubitationes
747 1027 853 1100 aliquot
882 1028 1009 1085 relictae
1045 1030 1104 1100 siut,

194 1134 222 1189 p.
239 1120 301 1184 272,
317 1120 352 1173 28
367 1119 395 1168 et
410 1131 437 1184 p.
454 1120 515 1181 301,
532 1117 565 1171 18
579 1128 611 1167 ea
628 1112 758 1183 seposui,
775 1127 890 1184 quorum
909 1120 1017 1169 auctor
1039 1113 1102 1170 Sue·

195 1198 288 1255 tonius
306 1203 395 1250 utrum
412 1196 448 1250 sit
468 1212 556 1250 necne
577 1195 745 1251 etiamnunc
766 1196 901 1251 incertum
921 1203 977 1251 est.
1027 1197 1104 1253 Heci.

194 1297 264 1355 pere
293 1296 376 1335 ausus
401 1295 457 1335 uon
486 1296 559 1348 sum,
581 1296 741 1350 quamquam
770 1280 891 1336 fortasse
917 1280 1019 1336 eidem
1041 1283 1104 1337 Sue·

195 1363 273 1419 touio
292 1363 418 1432 debitas,
432 1363 591 1420 notationes
606 1363 751 1419 nonnullas
766 1381 781 1419 a
797 1362 983 1420 Cassiodorio
1005 1366 1046 1421 ad
1063 1382 1104 1420 au·
1141 1363 1143 1424 i

195 1464 248 1504 uos
272 1449 305 1503 ab
326 1447 396 1503 urbe
421 1447 531 1504 condita
557 1455 617 1506 5152
642 1453 703 1507 568.
726 1453 786 1507 639.
809 1452 861 1507 769
881 1447 965 1502 Vara.
996 1448 1105 1505 adscri-
1141 1435 1143 1530 l

194 1536 273 1606 ptus,
300 1533 335 1587 de
351 1531 451 1602 quibus
467 1532 630 1587 Theodorus
647 1532 740 1601 Bergk
754 1531 891 1587 benevole
911 1547 957 1585 me
980 1547 1105 1589 commo·
1142 1537 1143 1550 ¹

194 1617 348 1675 ueiecerat.
1142 1609 1143 1616 '

257 1698 382 1771 Singulis
404 1697 550 1768 particulis
571 1713 701 1752 numeros
724 1713 856 1753 annorum
876 1699 909 1753 ab
933 1716 962 1753 u.
988 1715 1018 1755 c.
1044 1701 1105 1756 sub·

195 1783 269 1852 didi,
287 1798 356 1852 quos
372 1781 541 1848 Hieronymo
557 1779 660 1834 addere
677 1780 798 1852 placuit,
823 1796 929 1851 eosque
947 1783 1108 1855 simplices,

194 1866 241 1920 ubi
258 1864 397 1920 editiones
417 1862 590 1933 conspirare,
606 1865 773 1935 complures,
789 1863 836 1920 ubi
851 1865 965 1920 variare
981 1865 1108 1923 interae

195 1947 333 2005 videbam.
378 1946 533 2002 Eiusmodi
552 1962 680 2003 numeros
696 1947 885 2004 consulatibus
903 1948 1000 2004 linitos
1019 1949 1106 2007 Trau-

196 2031 315 2102 quillus,
338 2035 369 2085 ut
383 2030 511 2100 integrae
529 2029 603 2086 vitae
620 2030 824 2100 demonstrant,
846 2047 912 2087 raro
928 2033 1109 2102 prodiderat

195 2115 272 2185 ipse;
287 2115 438 2186 plerosque
455 2113 639 2184 Hieronymus
655 2113 815 2185 adscripsit,
831 2113 889 2170 suis
907 2114 1107 2175 ratiocinatio·

195 2197 276 2254 uibus
295 2215 361 2254 usus
381 2214 520 2271 persaepe
534 2199 580 2252 vel
601 2214 698 2254 errore
713 2199 758 2255 vel
781 2197 963 2254 festinatione
979 2199 1107 2258 vitiosis.

196 2279 256 2348 Qua
277 2283 311 2338 de
332 2299 362 2338 re
383 2282 488 2338 Hitscbl
506 2281 533 2340 iu
554 2281 683 2352 Parergis
704 2300 730 2354 p.
751 2288 803 2341 623
824 2288 851 2336 et
865 2298 917 2337 van
933 2281 1056 2340 Heusde
1080 2285 1109 2341 ie

195 2366 322 2438 Epistola
339 2367 374 2422 de
389 2366 495 2421 Lucilio
511 2383 538 2437 p.
555 2370 570 2424 7
588 2373 713 2435 egerunt.

268 2449 342 2515 Quot
379 2449 460 2504 libris
495 2448 670 2518 Tranquillus
706 2448 830 2503 illustras
859 2448 938 2505 viros
976 2448 1107 2521 perscri-

195 2533 301 2605 pserit,
331 2547 421 2602 neque
454 2529 573 2586 aSuida
603 2531 741 2601 proditum
764 2537 806 2587 est
835 2548 925 2602 neque
956 2532 1110 2590 coniectu·

195 2615 235 2669 ris
253 2614 457 2683 investigatum.
502 2612 561 2669 Hoc
582 2619 685 2669 tantum
714 2631 765 2686 pro
791 2621 870 2670 certo
899 2615 1048 2673 affirmare
1073 2617 1106 2673 li·

196 2703 256 2765 cet,
288 2701 401 2770 praeter
426 2696 602 2767 superstitem
631 2698 754 2753 libellum
779 2697 826 2769 qui
852 2699 886 2754 de
908 2698 1110 2757 Grammaticis

197 2787 225 2834 et
246 2778 407 2836 rhetoribus
431 2785 489 2849 est,
513 2780 641 2850 singulos
664 2781 753 2837 libros
784 2781 872 2837 luisse
905 2782 939 2838 de
973 2781 1106 2842 Oratori-

196 2864 265 2932 bus,
289 2863 324 2918 de
345 2857 498 2937 Poetis⁸¹),
526 2865 560 2919 de
588 2863 746 2919 Historicis.
794 2864 889 2936 Neque
912 2873 1004 2921 tamen
1039 2885 1107 2925 oau-

197 2963 255 3002 sam
279 2946 362 3003 yideo
384 2947 529 3016 idoneam,
559 2964 608 3002 cur
637 2948 763 3018 reliquos
793 2948 965 3020 scriptores,
997 2956 1032 3005 ut
1056 2953 1112 3008 iu-

197 3031 380 3086 risconsultos
416 3048 448 3086 ac
481 3030 599 3086 maxime
629 3031 812 3103 philosophos
842 3033 994 3088 Illustrium
1024 3035 1112 3092 viro·

196 3131 256 3169 rum
283 3115 471 3185 appellatione
499 3119 527 3169 et
551 3115 659 3171 honore
679 3114 805 3187 privatos
833 3117 1032 3187 aTranquillo
1057 3136 1110 3175 ex-

196 3374 198 3378 ,
265 3325 313 3392 61)
329 3329 420 3378 Poetas
437 3328 535 3378 duobus
552 3329 623 3379 libris
641 3331 772 3396 expositos
788 3329 868 3380 luisse
886 3331 1028 3381 Mommsen
1043 3300 1107 3399 'opi-

196 3407 278 3458 natum
297 3398 375 3448 altero
396 3398 482 3462 epicos
497 3403 522 3446 et
537 3397 641 3461 lyricos,
659 3399 736 3448 altero
754 3398 940 3449 comoediarum
960 3407 984 3451 et
997 3408 1108 3469 tragoe-

197 3466 296 3518 tllarum
312 3473 337 3516 et
352 3467 485 3516 mimorum
503 3466 647 3533 scriptores.
