2334 3870
108 158 148 218 lo
193 164 222 212 c.
237 159 386 210 soaroar
404 157 532 217 nanno.
548 156 596 203 nn
608 153 693 202 vura
705 151 891 199 onnsnamr
906 124 980 236 arip.
994 154 1032 202 11.

966 240 976 283 ι

108 323 204 398 neris,
224 320 253 379 in
268 313 452 396 deprecanda
473 311 611 390 graviore
631 308 763 370 adulterii
783 325 879 387 poena
895 306 1021 388 praeter
1040 321 1116 373 aeta·

109 416 166 467 tem
181 412 266 482 atque
280 397 391 460 natales
404 396 463 457 boc
477 412 593 476 quoqne
608 392 738 474 patribus
760 393 937 472 conscriptis
958 393 1117 476 allegaret,

109 509 176 552 esse
192 501 398 569 possessorem
416 499 451 542 ac
467 480 548 540 velut
566 477 709 539 aedituum
728 476 801 554 soli,
825 475 902 557 qnod
922 478 1045 557 primum
1064 480 1117 540 Di-

109 594 162 636 vus
182 572 330 649 Augustus
352 583 476 627 nascens
505 565 665 641 attigisset,
698 570 873 643 peteretque
900 561 1001 624 donari
1029 567 1115 642 quasi

110 658 232 742 proprio
252 672 305 715 suo
325 669 360 713 ac
380 650 522 730 peculiari
546 647 620 727 deo,
647 647 795 707 decretum
815 653 860 705 est
879 654 911 707 ut
931 665 967 708 ea
979 664 1043 728 pars
1058 646 1134 707 doc

84 741 173 805 6mus
201 744 432 802 consecraretur.
467 733 713 794 Nutrimentorum
742 733 804 791 eius
832 730 996 792 ostenditur
1020 731 1110 792 adbuc

108 830 194 890 locus
213 827 241 884 in
260 824 338 883 avito
366 818 531 880 suburbano
552 820 632 878 iuxta
651 817 780 878 Velitras
800 815 988 895 permodicus
1009 825 1039 876 et
1056 816 1113 876 cel-

109 913 156 975 lae
177 909 334 990 penuariae
359 907 465 983 instar,
493 912 630 982 tenetque
651 903 828 962 vicinitatem
852 901 955 980 opinio
975 909 1119 981 tamqnam

111 1005 140 1057 et
157 1003 239 1055 natus
256 992 295 1051 ibi
312 990 358 1049 sit.
385 988 449 1049 Huc
464 990 587 1048 introire
608 988 664 1046 nisi
679 986 850 1046 necessario
867 992 897 1045 et
913 994 994 1047 caste
1007 986 1118 1062 religio

112 1089 173 1156 est,
204 1083 350 1154 concepta
379 1075 516 1155 opinione
545 1072 655 1148 veteri,
693 1072 774 1150 quasi
803 1078 914 1130 temere
944 1068 1117 1130 adeuntibus
1128 1085 1152 1127 no

111 1165 218 1225 horror
241 1159 355 1240 quidam
382 1166 412 1217 et
433 1164 525 1216 metus
549 1154 709 1233 obiciatur,
739 1154 838 1215 sedet
855 1153 1115 1215 moxconiirmata.

111 1248 184 1309 Nam
205 1263 268 1305 oum
290 1258 450 1323 possessor
475 1239 563 1301 villae
586 1257 679 1300 novus
708 1258 760 1299 seu
784 1239 863 1299 forte
882 1255 931 1299 seo
954 1236 1114 1316 temptandi

114 1349 200 1393 causa
218 1327 342 1388 cubitum
360 1343 392 1385 se
409 1343 446 1385 eo
464 1325 650 1403 contulisset,
675 1325 774 1384 evenit
793 1332 824 1383 nt
846 1330 914 1404 post
926 1322 1112 1404 paucissimas

112 1417 208 1478 noctis
223 1413 312 1473 boras
332 1409 501 1470 exturbatus
522 1409 589 1470 inde
610 1409 704 1470 subita
727 1411 756 1469 vi
778 1416 808 1468 et
828 1411 940 1469 incerta
960 1424 1053 1487 paene
1069 1423 1115 1466 se·

113 1499 254 1560 mianimis
271 1514 335 1556 curn
350 1503 440 1556 strato
455 1495 539 1555 simul
554 1503 621 1555 ante
635 1495 719 1556 iores
733 1494 921 1554 inveniretur.
1121 1510 1146 1552 ιι

88 1585 104 1641 l
178 1583 281 1644 lnianti
304 1598 468 1659 cognomen
496 1579 658 1641 Thurino
677 1578 796 1638 inditum
816 1586 877 1657 est,
899 1578 929 1638 in
952 1577 1121 1638 memoriam

115 1671 256 1730 maiorum
275 1667 406 1743 originis,
430 1664 479 1723 vel
497 1663 574 1741 quod
592 1665 715 1741 regione
734 1662 861 1724 Thurina
874 1680 983 1724 recens
998 1679 1036 1723 eo
1053 1670 1120 1721 nato

115 1763 200 1834 pater
229 1750 366 1810 Octavius
389 1747 529 1808 adversus
555 1746 696 1824 fugitivos
723 1765 785 1807 rem
809 1765 954 1828 prospere
975 1754 1120 1826 gesserat.

116 1836 272 1899 Thurinum
294 1832 527 1908 cognominatum
549 1833 620 1890 satis
644 1840 724 1892 certa
747 1831 921 1911 probatione
943 1831 1121 1907 tradiderim,

116 1918 219 1981 nao'tns
236 1914 376 1996 puerilem
397 1914 607 1991 imagunculam
625 1917 687 1975 eius
706 1935 822 1978 aeream
844 1925 992 1994 veterem,
1015 1916 1157 1978 ferreisao

118 2013 147 2064 et
162 2018 255 2083 paene
278 2000 333 2057 iam
349 1997 589 2059 exolescentibus
610 1999 714 2061 litteris
732 2001 790 2062 hoc
807 2003 923 2063 nomine
940 2003 1122 2081 inscriptam,

118 2104 192 2167 quae
215 2083 328 2144 donoa
353 2101 399 2142 me
426 2084 551 2163 principi
568 2083 634 2146 data
660 2087 735 2146 inter
758 2085 883 2146 cubiculi
899 2086 989 2148 Lares
1007 2085 1123 2146 colitur.

118 2169 177 2232 Sed
200 2177 229 2229 et
256 2186 272 2228 a
297 2168 335 2229 bl.
360 2166 488 2228 Antonio
518 2171 546 2228 in
570 2171 704 2250 epistolis
730 2189 785 2251 per
807 2169 1011 2232 contumeliam
1032 2187 1124 2249 saepe

117 2254 260 2316 Thurinus
284 2251 462 2333 appellatur,
493 2255 604 2336 etipse
629 2255 700 2315 nihil
723 2256 845 2338 amplius
869 2274 954 2336 quam
970 2256 1069 2316 mirari
1091 2271 1124 2313 se

116 2338 270 2416 rescribit,
301 2356 355 2417 pro
383 2337 544 2418 obprobrio
574 2338 628 2400 sibi
651 2342 732 2421 prins
759 2359 864 2401 nornen
888 2340 977 2402 obici.
1016 2340 1158 2402 Postera

118 2422 181 2486 (lai
208 2420 385 2484 Caesaris
409 2432 438 2483 et
461 2422 565 2484 deinde
590 2424 749 2502 Augusti
772 2443 938 2503 cognomen
956 2426 1124 2505 assumpsit,

117 2508 239 2570 alterurn
256 2516 429 2568 testamento
446 2510 564 2569 maioris
583 2509 733 2588 avunculi,
757 2510 879 2571 alterum
898 2510 1006 2573 Munati
1023 2509 1124 2571 Planci

117 2593 279 2668 sententia,
303 2610 382 2669 cum,
404 2591 572 2672 quibusdam
592 2595 777 2655 censentibus
801 2595 956 2656 Romulum
979 2592 1125 2675 appellari

118 2685 260 2756 oportere
272 2679 353 2755 quasi
366 2685 395 2736 et
411 2678 505 2756 ipsum
526 2677 706 2739 conditorem
724 2679 819 2757 urbis,
842 2679 1071 2760 praevaluisset,
1094 2685 1126 2736 ut

118 2759 268 2838 Augustus
287 2761 384 2840 potius
402 2770 574 2840 vocaretur,
593 2780 652 2823 non
670 2773 777 2824 tanturn
794 2782 873 2826 novo
892 2764 945 2825 scd
966 2766 1053 2825 etiam
1067 2776 1160 2824 amaa

119 2845 215 2925 pliore
229 2848 420 2923 cognomine,
446 2846 536 2925 [quod
554 2847 622 2908 loca
637 2866 754 2927 quoque
770 2848 913 2927 religiosa
925 2858 955 2910 et
972 2851 1003 2910 in
1020 2847 1127 2930 quibos

120 2937 260 3008 augurato
274 2929 342 3007 quid
355 2940 545 2991 consecratur
557 2942 679 3009 augusta
696 2932 842 3011 dicantur,
865 2935 901 2996 ab
916 2934 1002 2995 auctu
1020 2933 1069 2994 vel
1088 2931 1126 2993 ab

120 3016 212 3075 avium
239 3021 325 3090 gestu
348 3024 487 3093 gnstuve,
510 3017 584 3076 sicut
617 3020 702 3078 etiam
729 3017 839 3079 Ennius
860 3019 950 3080 docet
976 3017 1126 3079 scribens:

173 3103 294 3176 Aapusto
315 3106 431 3176 augurio
447 3111 595 3178 postquam
615 3109 716 3179 inclyta
739 3109 847 3164 condita
866 3108 957 3165 Romo
977 3104 1040 3183 est.]

94 3190 112 3245 8
188 3183 358 3258 Quadrimus
385 3192 498 3264 patrem
529 3188 632 3247 amisit.
666 3187 874 3248 Duodecimum
904 3206 1008 3249 annum
1033 3205 1162 3266 agensas

121 3269 213 3327 aviam
230 3267 330 3330 Iuliam
349 3268 512 3330 defunctam
530 3289 584 3351 pro
608 3274 746 3333 contione
763 3268 898 3334 laudato.
927 3272 1125 3350 Quadriennio

104 3343 189 3430 ‘post
209 3353 285 3413 virili
304 3362 374 3433 toga
392 3364 520 3434 sumpta,
543 3357 715 3419 militaribus
731 3357 816 3418 donis
832 3358 977 3440 triumpho
990 3357 1128 3421 Caesaris

51 3427 89 3476 ⁴⁴³
120 3431 261 3497 Africano
282 3438 403 3501 donatus
421 3449 483 3520 est,
508 3460 669 3522 quanquam
687 3461 795 3524 expers
817 3441 888 3504 belli
907 3452 1030 3526 propter
1046 3453 1127 3507 aeta·

37 3343 103 3390 *tro
