2286 3862
113 177 171 241 188
201 192 231 241 c.
247 190 397 240 snunorn
417 188 545 248 nanno.
561 188 608 234 ne
623 186 706 234 v1nu
721 184 1057 237 casamentum.

113 349 275 423 iturumqua
301 343 397 422 potius
419 358 504 420 quam
523 341 683 401 nociturum
701 340 739 405 ei.
774 338 868 401 Burro
886 338 1048 418 praelecto
1069 360 1114 403 re·

111 428 237 490 medinm
251 426 289 488 ad
307 427 409 487 lauces
429 424 593 504 pollicitus,
613 424 742 483 toxicum
764 424 851 483 misit.
883 421 1023 484 libertos
1043 424 1115 484 divi·

113 522 158 574 tes
174 521 204 573 et
220 528 323 589 senes,
338 511 406 570 olim
420 507 585 588 adoptionis
600 523 669 567 mox
683 505 885 567 dominationis
899 523 972 567 snae
985 506 1115 570 lactem

112 606 200 676 aque
214 604 360 671 rectores,
382 608 513 669 veneno,
537 592 640 670 partim
665 589 738 650 cibis
759 591 863 668 partim
882 591 1049 671 potionibus
1068 593 1111 652 iu·

114 680 190 757 dito,
204 679 368 755 intercepit.
1113 690 1126 729 ⁵

72 776 106 832 aa
175 762 240 823 Nec
261 763 373 821 minore
394 759 516 821 saevitia
535 758 607 818 ioris
628 766 657 818 et
682 758 711 817 in
736 765 856 818 exteros
880 765 1032 836 grassm
1054 766 1106 819 est.

114 846 206 909 Stella
224 845 340 922 crinita,
363 861 437 924 qnae
460 843 576 904 summis
596 841 788 922 potestatibus
803 842 922 902 exitium
935 840 1112 921 portendere

114 929 204 1007 vulgo
221 937 349 1008 putatur,
373 946 428 1007 per
449 928 598 987 continuas
613 934 716 986 noctes
731 926 801 986 oriri
815 934 970 1005 coeperat.
1000 924 1114 986 luins

115 1031 150 1074 ea
170 1030 221 1090 re,
244 1021 275 1072 ut
296 1030 336 1073 ex
356 1011 480 1074 Balbillo
503 1009 658 1087 astrologo
679 1008 793 1088 didicit,
815 1009 914 1071 solere
935 1026 1027 1088 reges
1047 1009 1115 1069 talia

115 1104 227 1158 ostenta
243 1095 334 1157 caede
349 1095 443 1174 aliqua
461 1093 567 1154 illustri
588 1094 708 1172 expiare
727 1103 814 1173 atque
829 1111 847 1154 a
864 1102 958 1154 semet
971 1095 1002 1154 in
1017 1093 1142 1173 capitas

115 1195 272 1258 procerum
291 1177 460 1256 depellere,
486 1175 668 1237 nobilissimo
689 1178 794 1256 cuique
808 1178 924 1238 exitium
942 1176 1114 1246 destinavit;

116 1262 266 1321 enimvero
289 1260 378 1321 multo
403 1262 499 1337 magis
518 1269 548 1320 et
569 1263 651 1339 quasi
673 1279 727 1341 per
747 1262 850 1322 iustam
869 1277 988 1321 cauum
1002 1258 1116 1320 duabus

116 1344 363 1405 coniurationibus
388 1344 589 1423 provulgatis,
616 1362 734 1425 quarum
757 1345 839 1424 prior
860 1345 1013 1422 maiorque
1033 1343 1115 1404 l’iso·

115 1430 199 1489 niaua
215 1428 346 1505 llomae,
369 1428 517 1507 posterior
530 1428 679 1489 Viniciana
698 1428 858 1489 Beneventi
878 1427 1005 1488 condato
1025 1435 1115 1506 atque

115 1511 230 1573 detecta
244 1521 299 1572 est.
331 1510 478 1573 Coniurati
491 1530 509 1573 e
525 1511 649 1574 vinculis
659 1512 815 1591 triplicium
829 1520 993 1572 catenarum
1008 1509 1113 1570 dixere
1123 1527 1143 1568 s<

115 1612 247 1673 oausam,
266 1614 331 1656 com
348 1596 462 1675 quidam
476 1596 553 1656 ultro
568 1597 676 1656 crimen
690 1597 864 1674 faterentur,
879 1593 1009 1656 nonulli
1026 1594 1114 1654 etiarn

114 1681 297 1758 imputarent,
314 1689 458 1759 tamqnam
473 1679 565 1741 aliter
578 1679 699 1741 illinon
715 1685 844 1757 possesct
854 1679 918 1740 nisi
929 1684 1031 1740 morte
1045 1695 1113 1738 satc-

115 1780 243 1823 currem
262 1762 450 1825 dedecorato
472 1762 602 1843 flagitiis
624 1762 773 1823 omnibns.
803 1762 1007 1824 Damnatorum
1026 1760 1113 1822 liberi

114 1845 187 1905 urbe
208 1847 285 1925 pulsi
310 1849 464 1926 euectique
486 1864 601 1907 veneno
621 1855 669 1906 aut
693 1847 784 1917 iame;
811 1855 941 1924 constat,
970 1844 1113 1925 quosdam

115 1947 180 2071 ἕξω
194 1929 375 2073 paedagpgis
388 1940 417 1990 et
430 1932 561 2075 perpeteris
573 1947 630 1990 uno
641 1929 762 2009 prandio
773 1930 882 2009 pariter
892 1938 1024 2007 necatos,
1035 1924 1113 1990 alios
1136 1954 1138 1974 ι

144 2030 245 2072 urnam
260 2031 307 2073 vro
321 2032 366 2075 um
401 2031 435 2076 ro
456 2032 466 2073 1
487 2031 544 2074 ros
580 2032 711 2075 uaerere.

72 2102 106 2160 ³⁷
177 2094 281 2157 Nullus
302 2034 427 2176 postilio
446 2033 589 2159 αᾱὴίὴῑιιιιῖε
611 2097 735 2158 dilectus
749 2106 797 2158 ant
811 2097 913 2159 modus
928 2093 1114 2157 interimendi

116 2197 314 2260 quoscumque
333 2181 467 2243 libuisset
488 2199 668 2261 quacumque
685 2181 722 2241 de
737 2200 833 2242 causa.
862 2180 922 2242 Sed
937 2197 976 2241 ne
990 2178 1029 2239 de
1050 2179 1113 2259 pln-

114 2264 194 2325 ribus
208 2263 352 2342 referam,
368 2265 534 2327 Saluidieno
552 2265 643 2327 Orfito
661 2266 804 2326 obiectum
820 2275 865 2326 est
880 2265 958 2344 quod
972 2261 1113 2324 tabernas

114 2348 227 2410 tresde
243 2347 329 2408 domo
345 2367 396 2410 sua
413 2352 492 2410 circa
507 2350 601 2412 iorum
617 2349 780 2411 civitatibus
797 2349 834 2410 ad
849 2351 1003 2411 stationem
1016 2347 1140 2412 locas-s.

115 2441 168 2509 set,
186 2430 290 2493 Cassio
306 2431 440 2511 longino
453 2435 523 2495 iuris
539 2434 672 2496 consulto
687 2452 722 2494 ac
734 2433 887 2494 luminibus
903 2432 1017 2508 orbato,
1033 2429 1114 2510 quod

113 2517 142 2575 in
154 2525 256 2575 vetere
267 2515 370 2592 gentili
386 2526 535 2579 stemmate
549 2518 582 2579 (l.
599 2517 683 2578 Cassi
695 2518 880 2596 percussoris
896 2515 1113 2578 Gaesarisima·

114 2599 198 2676 giues
217 2600 397 2679 retinuisset,
422 2601 511 2663 Paeto
528 2602 675 2662 Thraseae
696 2602 807 2662 tristior
824 2610 855 2662 et
868 2599 1035 2680 paedagogi
1052 2598 1114 2658 vul·

112 2691 168 2742 tus.
202 2682 277 2742 blori
290 2684 377 2743 iussis
391 2703 449 2746 non
464 2685 585 2764 amplius
604 2703 689 2764 quam
708 2685 844 2747 borarurn
864 2685 989 2766 spatium
1008 2681 1111 2752 dabat;

113 2783 149 2825 ac
165 2783 202 2824 ne
219 2765 288 2843 quid
302 2784 404 2829 morae
419 2771 620 2847 interveniret,
641 2769 772 2831 medicos
791 2768 965 2830 admovebat
979 2767 1030 2846 qui
1046 2785 1113 2827 cun·
1125 2792 1139 2817 π

5 2904 10 2913 ,
114 2857 225 2909 ctautes
247 2851 382 2911 continuo
405 2861 538 2913 curarent
558 2853 612 2933 (ita
628 2854 702 2913 enirn
723 2854 883 2914 vocabatur
902 2869 992 2913 venas
1011 2851 1114 2910 mortis

114 2933 207 3011 gratia
221 2933 381 3014 incidere).
410 2935 544 2997 Creditur
556 2934 650 2998 'etiam
666 2937 837 3017 polyphago
855 2937 966 2998 cuidam
980 2935 1114 3013 Aegypti

113 3016 249 3094 generis,
278 3017 396 3080 crudam
420 3038 536 3081 carnem
560 3029 589 3080 et
611 3021 750 3101 quidquid
771 3021 887 3082 daretur
906 3018 1044 3081 mandere
1068 3035 1112 3078 as·

113 3110 212 3178 sueto,
236 3103 411 3181 concupisse
435 3106 520 3164 vivos
538 3104 671 3166 homines
693 3105 842 3166 laniandos
858 3101 1112 3182 absumendosque

114 3183 242 3245 obicere.
275 3184 377 3248 Elatus
398 3187 569 3267 inflatusque
588 3190 674 3250 tantis
695 3189 776 3249 velut
796 3188 999 3264 successibus,
1019 3203 1110 3263 nega·

112 3268 153 3326 vit
171 3287 351 3351 quemqnam
364 3271 541 3351 principum
561 3273 659 3335 scisse
678 3272 754 3353 qnid
772 3273 834 3333 eibi
851 3273 972 3348 liceret,
993 3269 1111 3330 multas-

113 3368 170 3427 que
187 3371 243 3414 nec
258 3354 358 3415 dubias
379 3355 606 3432 significationes
627 3375 718 3436 saepe
737 3357 823 3434 iecit,
846 3376 883 3416 ne
904 3355 1028 3434 reliquis
1048 3353 1110 3431 qui·

111 3430 177 3494 dem
194 3454 227 3497 se
247 3457 399 3518 parsurum
420 3439 617 3518 senatoribus,
638 3459 760 3519 eumque
782 3441 910 3501 ordinem
933 3437 1111 3501 sublaturum
