2286 3862
437 199 688 249 n1vus1nn1us.
878 219 880 224 .
1025 187 1065 249 25

64 365 125 434 tat,
145 372 207 416 cum
227 352 336 415 caesar
358 353 497 434 pleraque
517 364 546 415 et
566 372 639 435 quae
656 372 710 435 per
729 354 803 416 alins
825 364 906 416 erant
925 363 1011 433 gesta
1024 364 1065 415 te·

64 458 147 500 mere
167 437 337 515 crediderit,
360 445 390 496 et
404 454 476 516 quae
491 457 544 517 per
557 457 604 517 se,
624 439 673 500 vel
693 439 827 500 consulto
842 438 890 499 vel
909 441 993 501 etiam
1007 456 1065 499 me-

64 526 157 584 moria
177 523 275 603 lapsus
297 539 453 602 perperam
473 522 610 594 ediderit;
636 525 837 603 existimatque
858 526 1067 604 rescripturum

65 618 95 668 et
110 615 309 668 correctumm
322 606 423 666 luisse.
466 606 595 686 Reliquit
611 617 640 668 et
656 608 694 669 de
706 606 864 687 Analoqio
884 608 956 669 duos
975 606 1067 669 libros

38 701 95 752 set
110 690 311 752 Anticatones
326 689 460 768 totidem,
476 709 512 751 ac
526 701 678 769 praeterea
693 710 796 771 poema
810 691 888 771 quod
902 691 1068 752 inscribitur

10 790 15 831 t
62 774 139 837 Iter.
180 775 308 851 Quorum
328 773 467 834 librorum
487 775 596 853 primos
611 776 640 835 in
661 778 780 837 transitu
794 776 927 857 Alpium,
950 794 1014 836 cum
1030 794 1068 836 ex

10 875 22 917 n
65 861 203 920 citeriore
227 857 319 920 Gallia
342 856 533 919 conventibus
556 860 682 937 peractis
703 858 738 919 ad
764 862 922 922 exercitum
947 860 1067 936 rediret,

13 962 23 1002 a
63 952 221 1021 sequentes
242 941 295 1002 sub
317 951 430 1022 tempus
451 942 619 1005 Mundensis
638 943 744 1022 proelii
764 942 849 1013 iecit;
869 946 1067 1020 novissimum,

10 1046 22 1087 ι
63 1027 128 1087 dum
141 1027 176 1087 ab
192 1026 264 1086 urbe
280 1027 309 1085 in
323 1025 490 1105 Hispaniam
505 1027 674 1087 ulteriorem
688 1035 789 1105 quarto
803 1034 832 1087 et
846 1029 1005 1089 vicensimo
1021 1028 1068 1087 die

10 1113 206 1192 .1cpervenit.
251 1109 402 1189 Epistulae
421 1129 537 1190 quoque
561 1111 623 1171 eius
643 1111 679 1172 ad
702 1119 831 1172 senatum
857 1120 971 1190 extant,
998 1129 1068 1190 quas

10 1217 22 1276 ¹.
62 1198 170 1276 primus
188 1195 302 1255 videtur
323 1194 359 1256 ad
380 1197 503 1275 paginas
518 1204 547 1255 et
566 1195 687 1257 termam
701 1195 877 1256 memorialis
891 1195 985 1256 libelli
1000 1212 1068 1255 con-

10 1332 19 1351 ,
62 1282 204 1358 vertisse,
234 1297 297 1339 cnm
321 1288 406 1340 antea
429 1279 566 1341 consules
592 1289 622 1340 et
645 1280 735 1341 duces
762 1281 877 1340 nonnisi
902 1288 1068 1342 transversa

10 1389 21 1429 r
65 1366 164 1424 charta
179 1365 304 1442 scriptas
322 1365 478 1423 mitterent.
512 1363 619 1425 Extant
638 1373 667 1424 et
685 1365 720 1425 ad
736 1363 925 1442 Ciceronem,
945 1367 1015 1425 item
1033 1361 1069 1424 ad

10 1454 20 1517 Ι
62 1447 220 1509 familiares
241 1446 410 1505 domesticis
432 1445 594 1522 derebus,
615 1449 645 1505 in
666 1448 784 1524 quibus,
805 1450 829 1507 si
850 1455 913 1525 qua'
924 1448 1068 1508 occultius

10 1548 53 1622 prs
64 1529 240 1612 perferenda
255 1537 353 1605 erant,
376 1546 430 1611 per
455 1537 538 1589 notas
563 1529 694 1607 scripsit,
717 1529 747 1589 id
767 1537 812 1588 est
832 1531 876 1588 sic
897 1538 1009 1590 structo
1023 1530 1068 1589 lit·

10 1645 18 1689 q
61 1625 189 1676 terarum
205 1612 322 1691 ordine,
339 1622 369 1673 ut
386 1612 493 1674 nullum
510 1612 629 1674 verbum
644 1597 854 1692 eilicspcsset:
878 1631 951 1691 quae
967 1612 991 1672 si
1006 1614 1069 1693 quis

10 1694 17 1773 ,i
61 1699 241 1775 investigare
255 1707 285 1758 et
299 1698 438 1778 persequi
454 1698 550 1776 volet,
566 1707 694 1778 quartam
711 1697 920 1758 elementorum
933 1697 1068 1775 litteram,

13 1814 16 1854 Ι
60 1784 150 1844 idest
164 1782 190 1842 D
206 1800 259 1863 pro
275 1783 302 1843 A
318 1793 348 1843 et
363 1781 485 1863 perinde
499 1781 627 1863 reliquas
642 1789 807 1842 commutet.
851 1779 993 1842 Feruntur
1008 1790 1038 1841 et
1053 1798 1069 1842 a

10 1894 15 1941 p
60 1858 200 1949 fflet
216 1866 251 1927 ab
267 1866 486 1929 adulescentulo
504 1867 645 1948 quaedam
659 1869 782 1945 scripta,
805 1874 836 1925 ut
850 1862 977 1926 Laudes
989 1863 1067 1926 ller-

10 1952 157 2026 mocolie,
185 1952 336 2029 tragoedia
363 1949 516 2031 Oedipus,
545 1954 613 2012 item
637 1950 733 2014 Dicto
761 1949 969 2012 collectaneo.-
995 1967 1070 2029 quos

10 2051 13 2112 ᾗ
62 2038 156 2097 omnis
184 2034 302 2096 libellos
326 2038 418 2096 vetuit
436 2036 584 2114 Augustus
605 2035 748 2116 publicari
772 2037 801 2094 in
822 2035 961 2114 epistula,
985 2052 1069 2114 quam

10 2156 12 2194 ,
62 2120 184 2180 brevem
205 2118 356 2180 admodum
377 2138 412 2180 ac
431 2121 593 2199 simplicem
615 2120 650 2181 ad
670 2120 838 2200 Pompeium
858 2118 1001 2195 llacrum,
1023 2120 1069 2179 cui

63 2202 237 2264 ordinandas
252 2202 447 2265 bibliothecas
463 2203 671 2281 delegaverat,
686 2207 772 2265 misit.

124 2287 280 2348 Armorum
301 2297 331 2348 et
352 2287 498 2367 equitandi
525 2290 733 2367 peritissimus,
756 2287 867 2350 laboris
887 2286 962 2346 ultra
984 2286 1111 2349 bdemb'l

26 2373 177 2452 inpatiens
194 2382 265 2434 erat.
296 2371 329 2434 ln
347 2373 461 2450 agmine
477 2389 688 2451 nonnumquam
704 2389 796 2452 equo,
812 2372 930 2451 saepius
947 2368 1069 2448 pedibus

62 2456 207 2533 anteibat,
225 2459 321 2537 capite
340 2458 474 2535 detecto,
496 2475 549 2518 seu
570 2457 616 2518 sol
634 2477 686 2518 seu
708 2457 801 2517 imber
818 2463 913 2524 esset;
932 2453 1069 2531 longissi-

60 2559 122 2602 mas
145 2541 209 2601 vias
232 2540 397 2602 incredibili
417 2541 569 2603 celeritate
592 2543 739 2618 confecit,
762 2539 930 2620 expeditus,
952 2539 1068 2599 merito·

61 2627 104 2685 ria
120 2624 207 2703 reda,
231 2634 354 2688 centena
370 2644 505 2706 passuum
522 2627 600 2687 milia
616 2628 644 2687 in
662 2625 794 2703 singulos
812 2625 890 2704 dies3
914 2625 939 2683 si
956 2622 1069 2683 demina

61 2718 260 2789 morarentur,
281 2710 375 2772 nando
397 2713 535 2771 traiciens
560 2710 608 2771 vel
630 2712 743 2771 innixus
765 2709 869 2771 inflatis
889 2708 1016 2785 utribus,
1040 2716 1071 2768 nt

26 2813 51 2854 ao
62 2812 210 2874 persaepe
225 2797 341 2856 nuntios
359 2795 396 2855 de
414 2814 448 2856 se
463 2796 660 2877 praevenerit.
694 2795 728 2855 ln
744 2792 885 2855 obeundis
906 2791 1069 2872 expeditio·
1078 2803 1115 2859 58

61 2876 146 2936 nibus
162 2877 277 2938 dubium
295 2881 407 2941 cautior
423 2898 459 2941 an
474 2879 642 2956 audentior,
664 2880 825 2939 exercitum
841 2895 937 2957 neque
955 2894 1010 2957 per
1028 2879 1069 2936 in-

62 2960 173 3022 sidiosa
194 2963 298 3024 itinera
319 2965 400 3024 duxit
416 2982 547 3044 nmquam
563 2965 620 3024 nisi
636 2963 859 3044 perspeculatus
875 2961 1009 3023 locorum
1032 2960 1070 3019 si-

62 3053 123 3122 tus,
142 3062 236 3125 neque
254 3047 283 3107 in
298 3046 473 3110 Britanniam
489 3049 668 3125 transvexit,
693 3049 748 3107 nisi
765 3056 831 3109 ante
847 3064 902 3126 per
919 3064 952 3106 se
968 3052 1071 3125 portus

63 3138 93 3189 et
119 3130 336 3208 navigationem
360 3141 390 3192 et
411 3150 563 3193 accessum
589 3131 626 3193 ad
651 3131 771 3193 insulam
798 3131 995 3211 explorasset.
1031 3127 1072 3187 At

23 3233 51 3275 st
62 3213 154 3292 idem,
179 3214 354 3276 obsessione
379 3225 539 3277 castrorum
560 3217 588 3277 in
604 3216 755 3279 Germania
774 3217 918 3291 nuntiata,
938 3231 992 3293 per
1013 3219 1069 3273 eta·

62 3300 159 3359 tiones
183 3298 308 3361 hostium
326 3299 439 3363 Gallico
462 3299 561 3362 babitu
578 3303 742 3382 penetravit
757 3300 793 3363 ad
815 3317 895 3360 suos.
932 3296 960 3358 A
980 3295 1069 3357 Brun·

63 3381 138 3444 disio
160 3382 352 3460 Dyrrachium
378 3386 454 3446 inter
482 3389 635 3468 oppositas
658 3386 770 3449 classes
791 3385 888 3447 hieme
913 3378 1070 3443 transmisit

67 3468 305 3551 cessantibusque
323 3472 430 3554 copiis,
447 3489 519 3554 quas
533 3471 670 3553 subsequi
686 3473 822 3552 iusserat,
836 3478 900 3532 cunr
915 3465 951 3530 ad
967 3481 1069 3529 accer-
