2334 3870
488 180 593 229 arvos
611 179 738 229 nomos.
1075 168 1116 232 29

117 338 228 401 llomae
243 352 306 396 cunr
321 333 487 412 ingentibus
504 337 587 397 minis
601 353 770 417 summoque
786 337 872 397 etiam
884 335 964 396 urbis
983 334 1116 416 periculo

119 423 283 483 missionem
309 428 338 479 ct
363 420 490 499 praemia
515 421 694 500 flagitantes,
725 421 846 483 ardente
871 428 946 480 tunc.
962 420 991 478 in
1016 417 1118 479 Africa

117 506 211 585 bello,
230 521 326 585 nequo
351 502 433 563 adire
458 513 605 565 cunctatus
626 515 686 583 est,
713 522 883 586 quamquam
905 502 1117 564 deterrentibus
1143 498 1146 504 ’

115 593 232 666 amicis,
247 606 344 667 neque
360 586 518 658 dimittere;
535 588 589 649 sed
602 607 658 649 una
671 608 763 668 voce,
779 608 835 670 qua
848 591 977 665 Quirites
994 604 1047 648 eos
1062 604 1117 667 pro

93 673 254 736 militibus
280 669 456 751 appellarat,
476 679 534 731 tam
558 672 647 732 facile
671 675 839 752 circumegit
866 682 896 735 et
921 673 1020 748 flexit,
1039 679 1070 731 ut
1091 671 1118 730 ei

115 759 224 819 milites
250 771 319 815 csse
341 753 493 815 confestim
513 754 717 834 responderint
735 768 765 818 et
787 760 914 837 quamvis
934 762 1119 817 recusantem

116 842 195 902 ultro
215 840 245 899 in
260 838 390 899 Africam
409 840 465 899 sint
485 841 595 909 sacnti;
615 855 650 898 ac
671 840 714 898 sic
735 857 848 919 qnoque
868 841 1119 903 seditiosissimum

118 941 260 1005 quemque
275 931 305 982 et
319 922 446 1002 praedae
463 933 493 984 et
507 926 572 1002 agri
587 923 721 983 destinati
737 924 823 984 tertia
835 934 917 1002 parte
930 925 1069 985 multavit.

180 1007 307 1068 Studium
319 1015 350 1066 et
363 1006 436 1068 lides
448 1026 520 1086 erga
535 1007 652 1069 clientis
665 1026 702 1068 ne
717 1008 815 1069 iuveni
830 1007 943 1086 quidem
957 1007 1159 1070 defuerunttl

79 1090 282 1158 rohlasiuthanr
302 1090 431 1152 nobilem
453 1093 602 1170 iuvenem,
624 1110 688 1152 cum
706 1092 848 1153 adversus
862 1089 1059 1170 Hiempsalem
1074 1108 1119 1149 re·

113 1196 180 1256 gem
194 1185 251 1237 tam
265 1178 351 1236 enixe
366 1175 545 1239 defendisset
559 1186 590 1239 ut
603 1176 692 1239 lubae
707 1179 790 1257 regis
806 1177 867 1238 lilio
882 1179 911 1238 in
927 1175 1119 1237 altercatione

113 1261 230 1322 barbam
254 1263 408 1338 invaserit,
438 1263 654 1340 stipendiarium
683 1280 799 1343 quoque
829 1263 1059 1343 pronuntiatum,
1090 1265 1119 1318 et

115 1344 346 1405 abstrahentibus
373 1344 596 1422 statim'eripuit
621 1348 833 1425 occultauitque
863 1346 939 1426 apud
964 1364 997 1406 se
1019 1343 1066 1405 diu
1089 1350 1118 1403 et

117 1443 201 1501 mox,
232 1443 270 1485 ex
293 1433 428 1502 praetura
452 1427 646 1502 proficiscens
665 1427 695 1483 in
713 1428 894 1504 llispauiam,
917 1433 994 1486 inter
1020 1428 1117 1487 officia

82 1532 108 1573 rs
117 1509 355 1591 prosequentium
370 1506 525 1584 fascesque
538 1506 673 1567 lictorum
687 1508 793 1567 lectica
807 1526 858 1567 sua
872 1511 980 1568 avexit.

180 1593 301 1653 Amicos
322 1600 400 1655 tanta
423 1607 540 1672 semper
558 1589 696 1652 facilitate
716 1589 953 1670 indulgentiaque
975 1593 1160 1670 tractarique

115 1687 145 1740 ut
166 1676 236 1739 Gaio
259 1675 355 1757 Oppio
382 1676 583 1737 comitantiae
607 1693 661 1756 per
683 1675 821 1736 silvestre
841 1675 898 1735 iter
923 1681 1118 1754 correptoque

114 1762 208 1824 subita
224 1760 381 1822 valitudine
401 1760 606 1822 deversoriolo
624 1778 677 1838 eo,
697 1759 776 1840 quod
791 1778 875 1820 unum
893 1767 972 1837 erat,
995 1761 1119 1820 cesserit

115 1856 144 1908 ct
157 1849 222 1927 ipse
238 1845 314 1906 humi
330 1863 365 1907 ac
379 1845 432 1905 snb
447 1846 514 1909 diro
531 1845 671 1907 cubuerit.
709 1845 770 1906 Iam
790 1854 882 1906 autem
900 1861 997 1906 rerum
1011 1851 1116 1924 potens

79 1956 105 1997 ro
115 1930 254 2012 quosdam
277 1932 362 1990 etiam
383 1930 471 1991 infimi
494 1933 612 2009 generis
634 1930 669 1990 ad
686 1930 878 2009 amplissimos
899 1931 1030 1992 honoras
1049 1946 1116 2008 pro·

114 2017 210 2091 venit,
226 2032 289 2073 cum
308 2012 346 2072 ob
364 2012 393 2073 id
408 2014 587 2093 culparetur,
610 2013 763 2095 professus
776 2015 884 2095 palam,
906 2016 936 2077 at
951 2020 1115 2096 prosecto-

114 2116 184 2159 rum
199 2103 227 2157 et
241 2096 428 2158 soenorum
444 2114 503 2174 ope
519 2098 551 2159 ia
567 2098 681 2160 tuendo
695 2115 755 2159 sco
770 2098 919 2179 dipsitotc
932 2116 1010 2165 osso
1025 2104 1115 2175 esset,

115 2180 232 2244 talibas
247 2196 367 2260 qooqce
385 2197 420 2240 se
434 2197 545 2259 parem
559 2182 695 2260 qratiam
708 2183 888 2244 relatorum.
1003 2210 1009 2223 ·

180 2264 345 2326 Simultates
361 2272 462 2324 contra
477 2263 569 2325 nullas
589 2274 645 2326 tarn
665 2284 772 2343 graves
787 2269 906 2346 excepit
926 2284 1063 2345 unquam,
1087 2274 1159 2330 utth

78 2368 175 2412 eonon
195 2349 353 2411 occasione
376 2348 473 2411 oblata
488 2348 582 2409 libens
603 2349 774 2429 deponeret.
819 2350 870 2413 Gai
884 2349 1022 2427 blemmi,
1039 2349 1117 2410 cuius

116 2434 284 2515 asperrimis
307 2432 485 2495 orationibus
509 2451 568 2494 non
586 2436 699 2495 minore
725 2435 885 2497 acerbitate
912 2435 1117 2513 rescripserat,

115 2521 202 2581 etiam
227 2518 403 2596 suffragator
428 2535 497 2579 mox
522 2520 551 2579 in
577 2521 717 2599 petitione
745 2520 912 2581 consulatus
938 2519 1000 2580 fuit.
1046 2518 1118 2581 Gaio

116 2602 209 2666 Calvo
224 2610 293 2684 post
307 2602 417 2665 famosa
433 2605 640 2683 epigrammata
661 2603 697 2664 de
717 2605 957 2667 reconciliatione
978 2621 1032 2686 per
1049 2604 1116 2666 ami·

116 2706 169 2750 cos
183 2688 280 2765 agenti
294 2688 370 2748 ultro
385 2706 421 2749 ac
435 2689 517 2769 prior
533 2690 659 2770 scripsit.
689 2689 836 2751 Valerium
853 2688 1008 2766 Catullum,
1026 2707 1042 2750 a
1059 2705 1116 2770 quo

79 2773 172 2834 sosihi
193 2772 346 2833 versiculis
367 2771 403 2833 de
424 2771 565 2835 Mamurra
586 2781 728 2854 perpetua
750 2774 884 2852 stigmata
904 2776 1039 2854 imposita
1058 2791 1117 2834 non

115 2855 360 2935 dissimulaverat,
381 2860 451 2919 satis
473 2857 629 2920 facientem
655 2858 756 2920 eadem
784 2858 830 2921 die
855 2858 982 2920 adhibuit
1008 2875 1116 2919 caenae

114 2942 302 3022 hospitioque
326 2943 417 3021 patris
440 2943 518 3020 eius,
541 2945 616 3004 siout
642 2952 813 3023 consuerat,
839 2945 879 3005 uti
904 2942 1116 3024 perseveravit.

115 3025 175 3088 Sed
196 3034 225 3086 et
251 3027 281 3086 in
304 3025 473 3088 ulciscendo
498 3037 598 3089 natura
619 3027 799 3106 lenissimus,
823 3030 949 3108 piratas,
976 3025 1161 3105 aquibus74

116 3119 218 3190 captus
231 3118 292 3188 cst,
314 3127 377 3171 cum
396 3111 425 3171 iu
440 3109 584 3173 dicionem
599 3113 780 3192 redegisset,
799 3115 933 3193 quoniam
948 3110 1117 3172 suffixurum

79 3210 150 3258 esse
173 3196 334 3255 cruciante
353 3196 512 3273 iuraverat,
532 3199 655 3276 iugulari
669 3200 749 3279 prius
768 3199 864 3277 iussit,
882 3196 987 3259 deiude
1003 3195 1114 3274 suffigi;

117 3276 258 3343 Cornelio
270 3276 426 3359 Phagitae,
448 3282 528 3342 cuius
548 3283 691 3362 quondam
709 3292 866 3347 nocturnas
887 3282 1005 3343 insidias
1025 3299 1115 3359 aeger

114 3381 152 3427 ac
164 3363 274 3442 latens,
289 3382 326 3425 ue
341 3366 550 3446 perduceretur
565 3366 600 3428 ad
615 3367 737 3445 Sullam,
753 3370 803 3429 vix
819 3369 949 3448 praemio
965 3367 1032 3428 dato
1048 3384 1113 3427 eva·

114 3456 211 3530 serat,
231 3465 511 3531 numquam-nocere
533 3453 680 3525 sustinuit;
704 3452 901 3514 Philemonem
918 3472 934 3516 a
949 3469 1033 3514 manu
1053 3468 1115 3511 ser·
