2286 3862
89 208 153 271 290
367 216 397 265 c.
420 192 585 265 suuuoru'r
605 212 820 276 rueramus

91 394 154 437 mus
167 371 333 454 praelectus
348 371 427 432 urbis
442 371 535 432 lactus
547 378 633 431 sexto
648 368 696 431 dia
709 368 890 449 magistratu
905 390 946 433 se
957 372 1106 458 abdicarit,

93 456 238 521 incivilem
260 464 435 535 potestatem
457 472 525 515 esse
547 464 716 515 contestans
738 470 769 515 a.
787 462 862 516 728.
881 462 967 517 729.
983 502 1016 521 ..
1035 461 1103 524 tica

94 544 155 605 sata
175 540 316 603 Corvinus
332 549 430 600 orator
447 548 513 599 ante
534 538 679 599 biennium
694 556 778 618 quam
799 548 982 603 moreretur
995 544 1034 607 lta
1048 564 1103 607 me·

91 629 210 689 moriam
223 635 252 685 et
267 642 382 685 sensum
399 624 507 700 amisit,
521 631 552 683 ut
565 625 616 683 rix
627 640 721 702 pauca
734 621 830 684 uerba
847 626 1053 706 coniugem,
1071 641 1101 691 et

91 713 127 774 ad
149 719 306 770 extremum
324 708 425 767 ulcere
442 707 497 767 sibi
519 709 597 767 circa
612 725 725 768 sacram
739 708 859 786 spinam
878 718 959 771 nato
970 710 1048 775 heta
1060 732 1114 780 ses

93 795 222 858 coniecit
240 809 314 852 anno
332 792 434 852 aetatis
451 792 667 871 septuagesimo
683 791 776 853 altero
791 808 825 852 a.
846 800 1027 859 toa—too.

157 879 192 952 Q.
208 876 342 936 Haterius
360 885 510 954 promptus
526 884 555 935 et
569 876 719 954 popularis
734 883 839 936 orator
855 880 1096 957 usqueadeone

92 963 232 1041 gesirmm
248 977 343 1040 prope
361 977 464 1020 annum
478 962 507 1020 iu
522 977 632 1019 summo
647 958 760 1020 bonore
775 962 989 1025 consenescit
1002 980 1032 1027 a„
1045 970 1096 1029 tta,

155 1045 310 1106 Passienus
325 1054 409 1122 pater
426 1043 604 1104 declamator
621 1045 741 1121 insignis
756 1042 835 1104 diem
852 1044 940 1107 obiit
957 1064 992 1109 a.
1006 1056 1063 1111 m

155 1130 310 1189 Passienus
326 1128 401 1187 tilius
418 1125 520 1187 iraude
536 1127 653 1188 heredis
671 1145 740 1188 suae
755 1136 884 1189 necatur
913 1146 950 1191 a.
967 1138 1034 1195 791.
1045 1130 1106 1197 dtu
1135 1184 1138 1189 .

93 1230 173 1290 spus,
186 1211 338 1289 municeps
347 1211 547 1287 Viselliensis,
556 1213 691 1272 tirocinio
707 1228 759 1271 suo
772 1213 801 1271 iu
815 1222 934 1275 senatu
948 1217 992 1277 ita
1004 1216 1086 1297 coepl:
1133 1208 1141 1295 J

93 1295 204 1356 Patres
220 1293 390 1374 conscripti
406 1300 435 1356 et
453 1301 485 1355 tu
501 1293 641 1357 Caesar!
655 1304 776 1375 propter
790 1296 875 1375 quod
893 1299 1039 1363 simulata
1050 1316 1091 1361 on

93 1382 173 1439 tione
189 1377 358 1457 plenissime
374 1398 390 1443 a
405 1377 523 1439 Tiberio
542 1378 728 1441 conlaudatus
744 1389 797 1440 est.
834 1379 998 1447 Plurimus
1013 1392 1092 1467 spots

95 1480 199 1524 causas
224 1461 299 1541 apud
323 1464 518 1524 centumuiros
536 1466 612 1543 egit,
638 1481 692 1545 pro
713 1482 769 1543 qua
788 1481 822 1524 re
843 1464 875 1525 in
893 1466 1032 1531 basilica
1044 1466 1095 1531 iulia

93 1550 155 1608 eius
177 1555 270 1606 statua
292 1549 389 1625 posita
411 1557 466 1608 est.
494 1546 669 1609 Consulatus
690 1548 763 1609 duos
780 1550 892 1625 gessit.
926 1552 1051 1615 Uxores
1061 1552 1109 1617 brt

92 1631 153 1690 buit
169 1629 255 1706 duas,
274 1632 393 1710 primam
403 1631 571 1709 Domitiam,
587 1631 691 1693 deinde
702 1632 927 1714 Agrippinam,
945 1636 1033 1699 illam
1047 1636 1097 1699 usi

93 1724 167 1791 tam,
196 1714 271 1774 hauc
298 1724 417 1776 matrem
440 1715 565 1776 Neronis
588 1714 731 1778 Caesaris.
778 1715 926 1780 Possedit
949 1720 1002 1783 bis
1022 1722 1098 1783 mulia

94 1799 265 1858 sestertium.
291 1798 419 1860 Omnium
434 1801 595 1880 principum
613 1804 734 1878 gratiam
747 1799 906 1882 adpetivit,
925 1806 987 1867 sed
1002 1806 1099 1889 praeci·

93 1902 150 1962 pue
173 1880 206 1942 G.
226 1880 378 1961 Caesaris,
398 1903 483 1963 quem
503 1886 559 1943 iter
579 1884 734 1946 facientem
754 1893 875 1945 secutus
901 1899 953 1951 est
977 1890 1099 1972 petitu

92 1967 147 2026 llic
171 1965 250 2025 nullo
273 1964 406 2028 audiente
426 1986 442 2029 a
463 1965 583 2027 Nerone
605 1968 757 2048 [oportuit
776 1968 862 2048 Gaio]
891 1974 1112 2055 interrogabar

93 2049 251 2110 haberetne
277 2053 439 2132 sicutipse
466 2070 529 2111 cum
555 2070 661 2114 sorore
688 2071 826 2131 germana
848 2060 1099 2135 consuetudines

92 2132 227 2195 nondum
250 2134 352 2214 iuquit,
386 2138 566 2214 quantumvis
587 2137 726 2198 decenter
747 2145 776 2197 et
791 2144 897 2216 caute,
925 2160 971 2205 uc
994 2154 1047 2211 ant
1064 2162 1098 2205 re

92 2219 189 2296 gando
207 2235 271 2278 eum
291 2229 428 2297 argueret
448 2230 496 2281 aut
520 2220 708 2282 adsentiendo
731 2230 823 2281 semet
836 2224 1012 2293 mendacio
1026 2228 1098 2291 deire

92 2311 229 2363 nestaret.
267 2301 356 2363 Periit
372 2322 425 2381 per
438 2304 568 2365 fraudem
582 2304 774 2385 Agrippinae,
798 2323 886 2384 quam
901 2308 1057 2377 heredem
1067 2330 1097 2375 rt·

92 2386 234 2465 liquerat,
257 2395 286 2446 et
308 2387 409 2448 iuuere
426 2388 544 2469 publico
566 2389 659 2450 elatus
675 2399 730 2450 est.
745 2387 878 2452 Sebolt‘a
893 2394 944 2455 ad
960 2394 1110 2463 latomi!

94 2480 122 2545 s,
142 2480 189 2533 81.
773 2511 784 2521 ,

156 2553 189 2615 Ο.
216 2554 332 2614 Asinius
362 2554 477 2634 Gallus,
510 2558 603 2617 Asinii
624 2556 766 2617 Pollionis
790 2557 884 2638 lilius,
917 2566 1014 2629 cuiun
1028 2568 1113 2631 artu.

95 2639 233 2715 Virgilius
248 2640 388 2716 meminit,
405 2641 474 2701 diris
488 2660 505 2702 a
523 2641 641 2702 Tiberio
656 2642 807 2720 suppliciis
821 2653 954 2707 necatur·
971 2666 1008 2711 a.
1024 2656 1085 2715 tol.

158 2722 276 2782 Cassius
300 2724 427 2783 Severus
449 2735 548 2787 orator
568 2726 723 2803 egregius,
752 2727 800 2804 qui
816 2726 1021 2801 Quintianum
1041 2728 1098 2797 illut

92 2804 280 2882 proverbium
290 2807 407 2887 luserat,
424 2811 567 2887 vigesimo
584 2810 681 2888 quinto
698 2809 777 2869 exilii
793 2811 836 2869 sui
850 2829 932 2876 anno
950 2818 986 2881 in
1001 2832 1112 2883 sumus

95 2889 194 2968 iuopia
211 2892 348 2970 moritur,
365 2895 414 2953 vix
430 2912 525 2973 pauno
541 2894 668 2954 uerenda
685 2901 835 2954 contectus
854 2912 887 2956 o.
909 2907 1088 2967 tas-tot.

159 2974 301 3033 Votienus
318 2976 470 3039 Montanus
484 2978 684 3040 Narbonensis
701 2986 799 3038 orator
816 2980 845 3038 in
860 2978 1051 3053 Balearibus
1066 2988 1098 3049 ir·

96 3055 167 3117 sutis
184 3058 317 3134 moritur,
333 3078 348 3119 a
365 3060 483 3123 Tiberio
500 3064 568 3124 illuc
584 3062 732 3139 relegatus
749 3079 779 3122 o.
797 3070 863 3123 780.
882 3073 956 3131 781.

155 3139 296 3201 Domitius
315 3141 389 3203 Afer
407 3146 612 3208 Nemausensis
635 3146 731 3206 clarus
760 3154 860 3207 orator
874 3147 1032 3239 babetur,
1061 3156 1099 3237 ψ’

90 3224 339 3371 postea7l9l7erppp
353 3240 497 3306 regnante
516 3251 552 3293 ex
572 3231 629 3292 cibi
648 3229 820 3293 abundantia
839 3232 869 3293 iu
893 3254 999 3304 caena
1022 3242 1098 3305 morl

103 3324 136 3363 ur
151 3324 180 3367 a.
257 3355 264 3372 .
341 3355 348 3369 .

158 3405 235 3471 Libri,
252 3410 296 3474 qui
308 3418 362 3462 erat
374 3411 412 3463 de
431 3413 554 3477 Poetis,
566 3416 593 3465 iu
606 3418 737 3482 prooemio
750 3418 802 3485 legi
813 3422 899 3486 potuit
909 3422 985 3483 boc:

153 3471 262 3537 Poetae
276 3479 352 3542 uude
366 3480 423 3542 sint
437 3481 521 3561 dicti,
537 3484 581 3545 sic
597 3487 637 3547 ait
651 3484 847 3568 Tranquillus.
885 3489 965 3561 Cum
983 3500 1099 3582 prinu
