2334 3870
412 221 516 269 arvos
535 220 718 269 susumus.
1003 212 1062 272 157

64 389 287 457 repraesentans
304 397 358 458 pro
376 396 466 456 opera
478 377 592 455 dignam
605 380 709 456 cuique
723 376 898 436 mercedem.
942 377 1062 438 Artiore

64 472 159 522 autem
185 481 295 524 annona
322 463 360 523 ob
386 461 515 523 assiduas
543 461 727 539 sterilitates,
761 461 893 521 detentus
921 462 1062 539 quondam

64 547 158 606 medio
181 548 248 609 loro
271 567 287 608 a
312 547 394 607 turba
417 546 615 624 conviciisque
631 556 660 606 et
675 546 759 608 simul
775 544 965 622 fragminibus
981 548 1062 624 panis

65 634 101 691 ita
117 631 286 708 infestatus,
313 640 343 690 ut
357 649 447 708 aegre
464 648 520 689 uec
536 632 590 689 nisi
608 632 721 709 postico
737 630 864 691 evadere
882 629 910 688 iu
925 629 1064 690 Palatium

37 739 49 777 a
64 715 203 793 valuerit,
220 715 290 774 nihil
308 732 365 774 uon
387 715 568 791 excogitavit
582 714 618 773 ad
635 715 813 775 invehendas
831 715 916 774 ctiam
931 723 1063 793 tempore

62 799 186 859 hiberno
207 807 392 858 commeatus.
425 797 498 858 Nam
514 806 543 856 et
556 798 785 875 negotiatoribus
801 807 881 859 certa
898 798 980 858 lucra
995 815 1063 877 pro·

64 882 178 961 posuit,
204 891 342 962 suscepto
365 884 393 942 in
414 902 448 943 se
470 882 588 959 damno,
615 883 640 941 si
662 883 706 940 cui
722 881 790 960 quid
806 901 858 961 per
873 891 1062 962 tempestates

64 966 237 1043 accidisset,
260 976 289 1026 ct
309 984 398 1026 naves
417 975 599 1028 mercaturae
622 983 708 1026 causa
728 965 935 1025 fabricantibus
960 984 1063 1042 magna

63 1050 213 1111 commoda
229 1052 375 1110 constituit
388 1069 443 1131 pro
459 1051 625 1110 conditione
638 1052 792 1130 cuiusque;
811 1051 868 1109 civi
884 1051 1064 1109 vacationem
1074 1063 1106 1118 19

27 1135 139 1212 relegis
151 1135 259 1214 Papiae
272 1135 444 1214 Poppaeae,
467 1134 566 1197 Latino
584 1135 627 1194 ius
640 1135 805 1210 Quiritium,
824 1134 939 1193 leminis
952 1135 995 1192 ius
1010 1131 1064 1191 llll

61 1220 233 1288 liberorum;
251 1238 325 1298 quae
345 1221 498 1280 constituta
513 1219 660 1298 hodieque
676 1228 837 1280 servantur.

125 1303 221 1382 Opera
237 1320 341 1378 magna
359 1306 511 1380 potiusque
528 1305 696 1363 necessaria
718 1321 802 1380 quam
822 1303 909 1363 multa
926 1303 1061 1383 perfecit,
1071 1317 1112 1373 20*

62 1387 114 1446 sed
137 1386 183 1444 vel
204 1387 380 1464 praecipua:
400 1384 514 1443 ductum
529 1403 666 1461 aquarum
682 1404 699 1443 a
716 1387 786 1446 Gaio
801 1387 979 1462 inchoatum,
995 1388 1063 1446 item

63 1469 242 1530 emissarium
264 1467 364 1526 Fucini
389 1467 469 1526 lacus
491 1476 664 1545 portumque
687 1466 867 1543 Ostiensem,
895 1486 1065 1544 quamquam

28 1573 53 1612 ra
64 1555 155 1613 sciret
171 1570 208 1610 ex
223 1552 258 1610 iis
274 1550 394 1609 alterum
416 1549 452 1609 ab
470 1549 604 1626 Augusto
627 1548 813 1627 precantibus
829 1549 945 1608 assidue
960 1550 1065 1608 Marsis

64 1645 214 1714 negatum,
234 1636 355 1696 alterum
370 1653 385 1694 a
400 1633 476 1694 Divo
490 1632 564 1693 lulio
581 1633 698 1711 saepius
714 1631 884 1691 destinatum
898 1651 932 1692 ac
944 1641 1066 1712 propter

63 1720 416 1781 dillicultatemomissum.
431 1717 568 1779 Claudiae
579 1716 796 1796 aquaegelidos
806 1725 835 1775 et
845 1716 950 1776 uberes
958 1717 1065 1792 fontes,

64 1821 183 1885 quorum
204 1804 287 1864 alteri
313 1803 476 1879 Caeruleo,
498 1803 582 1863 alteri
604 1801 704 1863 Ourtio
726 1811 754 1861 et
772 1801 940 1878 Albudigno
961 1818 1066 1860 nomen

64 1898 126 1963 est,
154 1888 295 1966 simulque
319 1890 409 1948 rivum
424 1888 545 1948 Anienis
567 1889 636 1948 novi
657 1887 775 1966 lapideo
797 1904 889 1965 opere
915 1887 944 1945 in
966 1884 1066 1947 urbem

29 1993 54 2034 ro
64 1972 217 2053 perduxit,
235 1973 389 2051 divisitque
406 1974 434 2031 in
453 1973 592 2050 plurimos
608 1981 637 2031 et
654 1973 852 2032 ornatissimos
868 1971 957 2030 lacus.
979 1970 1064 2031 Fuci-

63 2077 128 2117 num
150 2056 307 2134 adgressus
323 2065 384 2132 est,
407 2073 463 2115 non
480 2058 572 2115 minus
588 2055 750 2135 compendii
768 2074 822 2134 spe
840 2073 923 2134 quam
938 2055 1063 2133 gloriae,

65 2160 128 2202 cum
151 2140 265 2220 quidam
280 2141 393 2220 privato
409 2149 522 2218 sumptu
540 2141 697 2199 emissuros
713 2159 745 2198 se
761 2143 1010 2218 repromitterent,
1040 2141 1064 2199 si

63 2226 119 2286 sihi
136 2228 236 2286 siccati
252 2226 315 2302 agri
332 2224 571 2284 concederentur.
595 2224 651 2284 Per
665 2226 718 2284 tria
734 2233 828 2284 autem
840 2242 975 2303 passuum
988 2222 1065 2284 milia

64 2312 167 2391 partim
184 2310 303 2370 ecfosso
319 2317 417 2369 monte
433 2309 535 2388 partim
553 2309 672 2383 exciso,
690 2308 818 2368 canalem
833 2308 960 2368 absolvit
975 2325 1064 2384 aegre

29 2404 94 2456 anet
117 2403 184 2472 post
203 2394 335 2454 undecim
361 2411 467 2470 annos,
499 2395 629 2471 quamvis
655 2393 796 2452 coutinuis
817 2392 902 2452 XXX
920 2393 1066 2452 homiuum

62 2479 178 2539 milibus
201 2480 262 2537 sine
286 2478 499 2537 intermissione
526 2475 724 2556 operantibus.
754 2478 871 2538 Portum
895 2475 994 2537 Ostiae
1016 2495 1064 2536 ex·

64 2565 168 2639 trunit,
187 2562 382 2623 circumducto
395 2564 496 2623 deutra
513 2563 687 2640 sinistraque
699 2561 818 2622 brachio
832 2571 860 2621 et
872 2561 908 2622 ad
920 2561 1065 2621 introitum

63 2646 211 2728 profundo
224 2650 279 2708 iarn
293 2646 355 2707 salo
371 2648 448 2707 mole
462 2646 592 2716 obieeta;
609 2666 693 2726 quam
708 2665 766 2726 quo
779 2647 910 2706 stabilius
922 2645 1064 2723 laudaret,

65 2750 169 2792 navem
198 2741 263 2792 ante
290 2732 442 2808 demersit,
473 2751 526 2811 qua
552 2749 673 2810 magnus
699 2731 848 2791 obeliscus
868 2749 905 2789 ex
926 2728 1064 2810 Aegypto

24 2816 161 2877 ³⁰luerat
180 2817 334 2892 advectus,
366 2818 573 2894 congestisque
598 2816 664 2895 pilis
689 2816 877 2896 superposuit
900 2815 1066 2875 altissimam

62 2911 171 2962 turrem
183 2902 211 2960 in
224 2901 388 2978 exemplum
398 2900 587 2961 Alexandrini
601 2901 704 2979 Phari,
720 2910 750 2960 ut
761 2899 796 2960 ad
808 2908 968 2960 nocturnos
982 2900 1065 2977 ignes

63 3004 179 3046 cursum
198 2986 312 3061 navigia
328 2985 496 3061 dirigerent.

126 3067 281 3147 Congiaria
300 3069 410 3147 populo
434 3054 564 3147 saepiu?
570 3070 721 3129 distribuit.
756 3070 930 3148 Spectacula
950 3081 1104 3149 quoque21

64 3154 215 3232 complura
238 3162 267 3212 et
290 3154 444 3231 magnilica
467 3154 571 3232 edidit,
596 3171 653 3213 nou
681 3154 783 3214 usitata
806 3154 892 3213 modo
912 3173 947 3214 ac
971 3153 1066 3214 solitis

21 3239 156 3314 calceis,
181 3236 233 3297 sed
249 3246 278 3296 et
294 3240 487 3298 commentitia
510 3248 539 3297 et
554 3257 591 3297 ex
615 3239 780 3316 antiquitate
802 3241 939 3316 repetita,
965 3247 993 3297 et
1018 3237 1066 3298 uhi

62 3332 219 3404 praeterea
245 3340 329 3381 nemo
356 3332 422 3382 ante
439 3342 513 3383 eum.
553 3322 650 3382 Ludos
677 3322 867 3383 dedicationis
896 3323 1066 3401 Pompeiani

62 3406 177 3484 theatri,
190 3406 266 3485 quod
279 3407 437 3468 ambustum
448 3407 625 3484 restituerat,
639 3426 655 3466 e
667 3407 800 3468 tribunali
813 3409 909 3486 posito
920 3409 948 3466 in
961 3407 1063 3469 orche-

62 3499 125 3553 stra
138 3491 294 3569 commisit,
315 3510 378 3551 eum
389 3495 467 3573 prius
480 3491 555 3571 apud
568 3494 736 3572 superiores
753 3491 842 3553 aedes
856 3491 1061 3572 supplicasset,
