2286 3862
271 524 314 605 o.
342 522 577 607 suunonu
600 521 947 612 uanuoumm

119 690 238 794 DE
291 689 521 792 VITA
570 686 1086 793 CAESAREM

478 889 720 955 LIBERVI.

528 1047 675 1120 NERO.

510 1242 696 1251 ———--

79 1408 95 1461 1
173 1386 219 1447 Ex
240 1394 327 1463 gente
341 1383 465 1444 Domitia
484 1381 557 1443 duae
572 1383 698 1446 familiae
719 1385 898 1463 claruerunt,
918 1384 1123 1450 Caluinorums

107 1480 137 1533 et
163 1468 413 1532 Aenobarborum.
450 1465 617 1529 Aenobarbi
644 1478 792 1530 auctorem
823 1469 945 1548 originis
979 1471 1105 1551 itemque

107 1556 289 1633 cognominis
300 1553 407 1614 habeat
419 1552 450 1613 L.
464 1552 633 1628 Domitium,
649 1555 694 1614 cui
705 1571 773 1614 rure
787 1553 932 1633 quondam
943 1556 1105 1616 revertenti

105 1640 225 1700 iuvenes
242 1638 348 1716 gemini
367 1637 535 1714 augustiore
552 1637 644 1697 forma
660 1655 698 1697 ex
719 1655 844 1698 occursu
863 1639 1034 1718 imperasse
1052 1648 1104 1699 tre·

107 1725 222 1799 duntur,
240 1723 383 1782 nuntiaret
399 1721 510 1781 senatui
525 1738 560 1780 ac
576 1721 685 1799 populo
702 1722 868 1799 victoriam,
884 1720 922 1782 de
938 1739 999 1801 qua
1015 1724 1104 1785 incer·

106 1817 163 1869 tum
179 1805 271 1866 adhuc
292 1814 368 1872 erat;
396 1814 481 1884 atque
496 1805 525 1863 in
540 1804 625 1864 iidem
645 1805 802 1866 maiestatis
823 1806 897 1866 adeo
913 1807 1129 1885 permulsissent

105 1890 210 1966 malas,
233 1898 262 1948 ut
277 1906 293 1947 e
310 1890 392 1966 nigro
408 1889 522 1948 rutilum
537 1889 653 1969 aerique
670 1888 827 1950 adsimilem
847 1889 988 1969 capillum
1004 1888 1104 1953 redde

105 1981 179 2035 rent.
204 1972 287 2048 Quod
299 1973 412 2049 insigne
426 1972 529 2033 mansit
541 1981 569 2032 ct
584 1973 612 2032 in
627 1974 752 2053 posteris
768 1975 848 2052 eius,
864 1990 900 2034 ac
913 1990 1025 2053 magna
1039 1991 1106 2055 pars

106 2057 191 2118 rutila
222 2056 311 2118 barba
336 2057 459 2117 inerunt.
498 2056 600 2117 Funoti
628 2066 723 2118 autem
752 2056 951 2119 consulatibus
979 2066 1105 2138 septem,

106 2142 248 2221 triumpho
266 2159 445 2220 censuraque
461 2140 584 2220 duplici,
600 2150 628 2201 et
640 2143 713 2202 inter
728 2143 866 2221 patricios
880 2141 989 2203 adlecti
1005 2160 1104 2223 perse·

106 2235 281 2288 veraverunt
297 2243 397 2285 omnes
413 2227 440 2284 in
457 2225 561 2285 eodem
578 2228 760 2302 cognomine.
788 2227 835 2287 Ac
854 2244 892 2286 ne
915 2229 1131 2306 praenominant

107 2312 222 2391 quidem
239 2310 297 2370 ulla
313 2319 515 2389 praeterquam
538 2308 627 2370 Gnaei
651 2319 680 2369 et
700 2310 770 2371 Luci
790 2320 978 2389 usurparunt;
1012 2328 1105 2390 eaque

105 2398 171 2476 ipsa
192 2394 312 2455 notabili
339 2395 494 2471 varietate,
519 2392 605 2453 modo
634 2396 833 2455 contiuuantes
860 2410 945 2454 uuum
966 2394 1105 2474 quodque

106 2481 263 2561 pertrinas
287 2495 444 2558 personas,
474 2476 560 2537 modo
584 2476 758 2539 alternantes
784 2497 837 2559 per
862 2476 1005 2555 singulas.
1033 2478 1105 2540 llam

106 2565 227 2644 primum
242 2561 455 2640 secundumque
471 2580 506 2622 ac
526 2563 639 2621 tertium
655 2560 895 2624 Aenobarborum
911 2561 1035 2641 Lucios,
1061 2581 1104 2623 se

108 2649 221 2727 quentis
246 2665 346 2708 rursus
368 2654 430 2706 tres
449 2644 605 2706 exordiae
626 2645 742 2708 Gnaeos
761 2647 946 2726 accepimus,
972 2646 1133 2727 relipucsan

106 2730 220 2790 nonnisi
243 2732 370 2791 vicissim
395 2738 453 2790 tum
473 2728 579 2789 Lucios
602 2737 659 2790 tum
680 2729 806 2792 Gnaeos.
841 2729 935 2790 Pluris
955 2748 974 2790 e
996 2730 1106 2792 familia

108 2813 248 2890 cognosci
260 2816 373 2875 referre
389 2813 527 2891 arbitror,
545 2831 601 2892 quo
615 2814 728 2874 facilius
750 2822 891 2894 appareat
911 2814 951 2875 ita
976 2814 1105 2894 degene

107 2915 188 2959 rasse
205 2914 348 2958 asnorum
360 2898 511 2959 virtutibus
524 2897 620 2974 Nero,
637 2907 667 2958 ut
680 2907 774 2959 tamen
786 2898 853 2959 vitia
869 2898 1010 2977 cuiusque
1024 2899 1105 2979 guasi

71 2981 209 3043 ttradita
226 2989 255 3040 et
272 2983 397 3058 ingenita
412 2983 553 3043 retulerit.
584 2983 623 3043 Ut
640 2983 727 3060 igitur
749 2982 837 3062 paulo
858 2981 943 3042 altius
959 2992 1104 3062 repetam,

107 3076 208 3127 atavus
225 3066 286 3125 eius
309 3063 368 3124 CN.
383 3066 522 3127 Domitius
542 3069 571 3126 in
587 3066 730 3127 tribunatu
745 3065 929 3147 pontificibus
951 3065 1135 3144 offensiones

108 3150 185 3229 quod
206 3148 291 3211 alium
316 3166 399 3227 quarn
421 3168 454 3209 se
477 3152 505 3210 in
526 3151 616 3231 patris
639 3151 682 3210 sui
702 3149 799 3212 locum
821 3158 1027 3229 cooptassent,
1059 3150 1104 3210 ius

108 3235 291 3295 sacerdotum
306 3231 553 3309 subrogandorum
570 3252 586 3295 a
608 3234 742 3312 collegiis
765 3233 800 3295 ad
818 3233 956 3314 populum
978 3241 1103 3295 transtu·

108 3317 155 3394 lit,
189 3328 217 3379 at
247 3320 275 3380 in
302 3316 451 3379 consulatu
476 3317 688 3395 Allobrogibus
717 3317 917 3396 Arvernisque
945 3319 1103 3396 superatis,

108 3400 264 3481 elephanto
290 3423 344 3483 per
359 3400 536 3482 provinciam
558 3411 659 3462 vectus
681 3411 741 3479 est,
770 3401 852 3462 turba
877 3400 995 3461 militum
1019 3402 1104 3481 quasi
