<?xml version="1.0" encoding="UTF-8"?>
<!DOCTYPE html PUBLIC "-//W3C//DTD XHTML 1.0 Transitional//EN"
    "http://www.w3.org/TR/xhtml1/DTD/xhtml1-transitional.dtd">
<html xmlns="http://www.w3.org/1999/xhtml" xml:lang="en" lang="en">
 <head>
  <title>
</title>
<meta http-equiv="Content-Type" content="text/html;charset=utf-8" />
  <meta name='ocr-system' content='tesseract 3.04.00' />
  <meta name='ocr-capabilities' content='ocr_page ocr_carea ocr_par ocr_line ocrx_word'/>
</head>
<body>
  <div class='ocr_page' id='page_1' title='image "./csuetonitranqui00trangoog_0158.png"; bbox 0 0 2334 3870; ppageno 0'>
   <div class='ocr_carea' id='block_1_1' title="bbox 401 151 1060 217">
    <p class='ocr_par' dir='ltr' id='par_1_1' title="bbox 401 151 1060 217">
     <span class='ocr_line' id='line_1_1' title="bbox 401 151 1060 217; baseline 0.006 -5"><span class='ocrx_word' id='word_1_1' title='bbox 401 165 506 215; x_wconf 81' lang='lat' dir='ltr'><strong>omns</strong></span> <span class='ocrx_word' id='word_1_2' title='bbox 528 151 719 217; x_wconf 77' lang='lat' dir='ltr'><strong>anscerus.</strong></span> <span class='ocrx_word' id='word_1_3' title='bbox 1020 154 1060 216; x_wconf 84' lang='lat' dir='ltr'><strong>tt</strong></span> 
     </span>
    </p>
   </div>
   <div class='ocr_carea' id='block_1_2' title="bbox 20 320 1103 3175">
    <p class='ocr_par' dir='ltr' id='par_1_2' title="bbox 20 320 1103 3175">
     <span class='ocr_line' id='line_1_2' title="bbox 60 320 1059 405; baseline 0.004 -21"><span class='ocrx_word' id='word_1_4' title='bbox 60 331 235 405; x_wconf 88' lang='lat' dir='ltr'><strong>potestatem</strong></span> <span class='ocrx_word' id='word_1_5' title='bbox 254 341 373 403; x_wconf 81' lang='lat' dir='ltr'><strong>semper</strong></span> <span class='ocrx_word' id='word_1_6' title='bbox 397 320 528 383; x_wconf 88' lang='lat' dir='ltr'><strong>omnibns</strong></span> <span class='ocrx_word' id='word_1_7' title='bbox 547 323 636 402; x_wconf 85' lang='lat' dir='ltr'><strong>iecit,</strong></span> <span class='ocrx_word' id='word_1_8' title='bbox 659 324 792 403; x_wconf 87' lang='lat' dir='ltr'><strong>quotiens</strong></span> <span class='ocrx_word' id='word_1_9' title='bbox 814 323 926 385; x_wconf 88' lang='lat' dir='ltr'><strong>vellent</strong></span> <span class='ocrx_word' id='word_1_10' title='bbox 940 324 1059 388; x_wconf 88' lang='lat' dir='ltr'><strong>obsides</strong></span> 
     </span>
     <span class='ocr_line' id='line_1_3' title="bbox 60 406 1058 489; baseline 0.002 -19"><span class='ocrx_word' id='word_1_11' title='bbox 60 407 228 489; x_wconf 76' lang='lat' dir='ltr'><strong>recipiendi</strong></span> <span class='ocrx_word' id='word_1_12' title='bbox 260 406 364 486; x_wconf 83' lang='lat' dir='ltr'><strong>Neque</strong></span> <span class='ocrx_word' id='word_1_13' title='bbox 387 414 435 466; x_wconf 87' lang='lat' dir='ltr'><strong>aut</strong></span> <span class='ocrx_word' id='word_1_14' title='bbox 452 406 581 468; x_wconf 90' lang='lat' dir='ltr'><strong>crebrius</strong></span> <span class='ocrx_word' id='word_1_15' title='bbox 604 416 652 468; x_wconf 90' lang='lat' dir='ltr'><strong>aut</strong></span> <span class='ocrx_word' id='word_1_16' title='bbox 680 409 865 489; x_wconf 84' lang='lat' dir='ltr'><strong>perfidiosius</strong></span> <span class='ocrx_word' id='word_1_17' title='bbox 889 407 1058 472; x_wconf 90' lang='lat' dir='ltr'><strong>rebellantis</strong></span> 
     </span>
     <span class='ocr_line' id='line_1_4' title="bbox 60 491 1058 573; baseline 0.002 -20"><span class='ocrx_word' id='word_1_18' title='bbox 60 495 193 570; x_wconf 77' lang='lat' dir='ltr'><strong>graviore</strong></span> <span class='ocrx_word' id='word_1_19' title='bbox 209 510 341 571; x_wconf 87' lang='lat' dir='ltr'><strong>umquam</strong></span> <span class='ocrx_word' id='word_1_20' title='bbox 357 491 434 551; x_wconf 90' lang='lat' dir='ltr'><strong>ultus</strong></span> <span class='ocrx_word' id='word_1_21' title='bbox 450 500 495 551; x_wconf 87' lang='lat' dir='ltr'><strong>est</strong></span> <span class='ocrx_word' id='word_1_22' title='bbox 507 509 618 571; x_wconf 91' lang='lat' dir='ltr'><strong>poena,</strong></span> <span class='ocrx_word' id='word_1_23' title='bbox 634 511 717 572; x_wconf 91' lang='lat' dir='ltr'><strong>quam</strong></span> <span class='ocrx_word' id='word_1_24' title='bbox 732 503 762 554; x_wconf 93' lang='lat' dir='ltr'><strong>ut</strong></span> <span class='ocrx_word' id='word_1_25' title='bbox 775 495 909 573; x_wconf 83' lang='lat' dir='ltr'><strong>captivos</strong></span> <span class='ocrx_word' id='word_1_26' title='bbox 922 493 975 554; x_wconf 95' lang='lat' dir='ltr'><strong>sub</strong></span> <span class='ocrx_word' id='word_1_27' title='bbox 990 495 1058 572; x_wconf 76' lang='lat' dir='ltr'><strong>lege</strong></span> 
     </span>
     <span class='ocr_line' id='line_1_5' title="bbox 59 575 1058 653; baseline 0.002 -17"><span class='ocrx_word' id='word_1_28' title='bbox 59 578 254 653; x_wconf 80' lang='lat' dir='ltr'>venundaret,</span> <span class='ocrx_word' id='word_1_29' title='bbox 271 594 308 635; x_wconf 93' lang='lat' dir='ltr'><strong>ne</strong></span> <span class='ocrx_word' id='word_1_30' title='bbox 324 576 353 634; x_wconf 97' lang='lat' dir='ltr'><strong>in</strong></span> <span class='ocrx_word' id='word_1_31' title='bbox 370 575 466 635; x_wconf 79' lang='lat' dir='ltr'><strong>vicina</strong></span> <span class='ocrx_word' id='word_1_32' title='bbox 478 577 600 653; x_wconf 78' lang='lat' dir='ltr'><strong>regione</strong></span> <span class='ocrx_word' id='word_1_33' title='bbox 616 581 760 639; x_wconf 84' lang='lat' dir='ltr'><strong>servirent</strong></span> <span class='ocrx_word' id='word_1_34' title='bbox 774 596 850 639; x_wconf 88' lang='lat' dir='ltr'><strong>neve</strong></span> <span class='ocrx_word' id='word_1_35' title='bbox 863 579 938 639; x_wconf 89' lang='lat' dir='ltr'><strong>intra</strong></span> <span class='ocrx_word' id='word_1_36' title='bbox 953 579 1058 638; x_wconf 86' lang='lat' dir='ltr'><strong>tricen-</strong></span> 
     </span>
     <span class='ocr_line' id='line_1_6' title="bbox 35 657 1060 742; baseline 0.004 -24"><span class='ocrx_word' id='word_1_37' title='bbox 35 664 160 723; x_wconf 83' lang='lat' dir='ltr'><strong>ssimum</strong></span> <span class='ocrx_word' id='word_1_38' title='bbox 188 678 291 720; x_wconf 91' lang='lat' dir='ltr'><strong>annum</strong></span> <span class='ocrx_word' id='word_1_39' title='bbox 321 657 524 719; x_wconf 88' lang='lat' dir='ltr'><strong>liberarentur.</strong></span> <span class='ocrx_word' id='word_1_40' title='bbox 568 661 631 735; x_wconf 82' lang='lat' dir='ltr'><strong>Qua</strong></span> <span class='ocrx_word' id='word_1_41' title='bbox 655 665 765 724; x_wconf 88' lang='lat' dir='ltr'><strong>virtutis</strong></span> <span class='ocrx_word' id='word_1_42' title='bbox 793 663 1060 742; x_wconf 78' lang='lat' dir='ltr'><strong>moderationisque</strong></span> 
     </span>
     <span class='ocr_line' id='line_1_7' title="bbox 55 742 1061 827; baseline -0.003 -20"><span class='ocrx_word' id='word_1_43' title='bbox 55 748 133 807; x_wconf 85' lang='lat' dir='ltr'><strong>lama</strong></span> <span class='ocrx_word' id='word_1_44' title='bbox 147 743 237 806; x_wconf 89' lang='lat' dir='ltr'><strong>Indos</strong></span> <span class='ocrx_word' id='word_1_45' title='bbox 254 744 339 803; x_wconf 86' lang='lat' dir='ltr'><strong>etiam</strong></span> <span class='ocrx_word' id='word_1_46' title='bbox 354 760 388 803; x_wconf 89' lang='lat' dir='ltr'><strong>ac</strong></span> <span class='ocrx_word' id='word_1_47' title='bbox 405 742 547 820; x_wconf 75' lang='lat' dir='ltr'><strong>Scythas,</strong></span> <span class='ocrx_word' id='word_1_48' title='bbox 564 742 659 804; x_wconf 88' lang='lat' dir='ltr'><strong>auditu</strong></span> <span class='ocrx_word' id='word_1_49' title='bbox 673 746 757 807; x_wconf 92' lang='lat' dir='ltr'><strong>modo</strong></span> <span class='ocrx_word' id='word_1_50' title='bbox 772 751 916 826; x_wconf 79' lang='lat' dir='ltr'><strong>cognitos,</strong></span> <span class='ocrx_word' id='word_1_51' title='bbox 936 746 1061 827; x_wconf 81' lang='lat' dir='ltr'><strong>pellexit</strong></span> 
     </span>
     <span class='ocr_line' id='line_1_8' title="bbox 58 826 1058 911; baseline 0.002 -23"><span class='ocrx_word' id='word_1_52' title='bbox 58 829 95 888; x_wconf 90' lang='lat' dir='ltr'><strong>ad</strong></span> <span class='ocrx_word' id='word_1_53' title='bbox 111 827 264 890; x_wconf 88' lang='lat' dir='ltr'><strong>amicitiam</strong></span> <span class='ocrx_word' id='word_1_54' title='bbox 286 845 366 888; x_wconf 89' lang='lat' dir='ltr'><strong>suam</strong></span> <span class='ocrx_word' id='word_1_55' title='bbox 387 826 548 907; x_wconf 85' lang='lat' dir='ltr'><strong>populique</strong></span> <span class='ocrx_word' id='word_1_56' title='bbox 569 827 652 887; x_wconf 85' lang='lat' dir='ltr'><strong>Rom.</strong></span> <span class='ocrx_word' id='word_1_57' title='bbox 668 828 811 909; x_wconf 89' lang='lat' dir='ltr'><strong>ultroper</strong></span> <span class='ocrx_word' id='word_1_58' title='bbox 825 832 942 909; x_wconf 78' lang='lat' dir='ltr'><strong>legatos</strong></span> <span class='ocrx_word' id='word_1_59' title='bbox 957 839 1058 911; x_wconf 90' lang='lat' dir='ltr'><strong>peten-</strong></span> 
     </span>
     <span class='ocr_line' id='line_1_9' title="bbox 59 910 1057 990; baseline 0.006 -19"><span class='ocrx_word' id='word_1_60' title='bbox 59 911 133 971; x_wconf 88' lang='lat' dir='ltr'><strong>dam.</strong></span> <span class='ocrx_word' id='word_1_61' title='bbox 172 910 268 972; x_wconf 86' lang='lat' dir='ltr'><strong>Parthi</strong></span> <span class='ocrx_word' id='word_1_62' title='bbox 289 929 405 990; x_wconf 90' lang='lat' dir='ltr'><strong>quoque</strong></span> <span class='ocrx_word' id='word_1_63' title='bbox 428 920 459 971; x_wconf 90' lang='lat' dir='ltr'><strong>et</strong></span> <span class='ocrx_word' id='word_1_64' title='bbox 478 910 645 971; x_wconf 83' lang='lat' dir='ltr'><strong>Armeniam</strong></span> <span class='ocrx_word' id='word_1_65' title='bbox 668 912 823 977; x_wconf 81' lang='lat' dir='ltr'><strong>uindicanti</strong></span> <span class='ocrx_word' id='word_1_66' title='bbox 848 915 936 974; x_wconf 81' lang='lat' dir='ltr'><strong>facile</strong></span> <span class='ocrx_word' id='word_1_67' title='bbox 959 933 1057 977; x_wconf 87' lang='lat' dir='ltr'><strong>cesse-</strong></span> 
     </span>
     <span class='ocr_line' id='line_1_10' title="bbox 56 994 1059 1074; baseline 0.003 -19"><span class='ocrx_word' id='word_1_68' title='bbox 56 1004 123 1055; x_wconf 91' lang='lat' dir='ltr'><strong>runt</strong></span> <span class='ocrx_word' id='word_1_69' title='bbox 137 1004 166 1055; x_wconf 90' lang='lat' dir='ltr'><strong>et</strong></span> <span class='ocrx_word' id='word_1_70' title='bbox 180 996 263 1072; x_wconf 81' lang='lat' dir='ltr'><strong>signa</strong></span> <span class='ocrx_word' id='word_1_71' title='bbox 276 996 426 1073; x_wconf 87' lang='lat' dir='ltr'><strong>militaria,</strong></span> <span class='ocrx_word' id='word_1_72' title='bbox 444 1013 519 1074; x_wconf 90' lang='lat' dir='ltr'><strong>quae</strong></span> <span class='ocrx_word' id='word_1_73' title='bbox 534 995 572 1056; x_wconf 87' lang='lat' dir='ltr'><strong>ll.</strong></span> <span class='ocrx_word' id='word_1_74' title='bbox 582 994 690 1058; x_wconf 85' lang='lat' dir='ltr'><strong>Crasso</strong></span> <span class='ocrx_word' id='word_1_75' title='bbox 706 1007 737 1058; x_wconf 86' lang='lat' dir='ltr'><strong>et</strong></span> <span class='ocrx_word' id='word_1_76' title='bbox 747 997 786 1059; x_wconf 87' lang='lat' dir='ltr'><strong>ll.</strong></span> <span class='ocrx_word' id='word_1_77' title='bbox 803 997 930 1058; x_wconf 83' lang='lat' dir='ltr'><strong>Antonio</strong></span> <span class='ocrx_word' id='word_1_78' title='bbox 946 997 1059 1058; x_wconf 87' lang='lat' dir='ltr'><strong>ademe-</strong></span> 
     </span>
     <span class='ocr_line' id='line_1_11' title="bbox 20 1079 1058 1163; baseline 0.003 -24"><span class='ocrx_word' id='word_1_79' title='bbox 20 1087 137 1156; x_wconf 83' lang='lat' dir='ltr'><strong>rorant‚</strong></span> <span class='ocrx_word' id='word_1_80' title='bbox 155 1082 325 1159; x_wconf 80' lang='lat' dir='ltr'><strong>reposcenti</strong></span> <span class='ocrx_word' id='word_1_81' title='bbox 345 1079 532 1140; x_wconf 88' lang='lat' dir='ltr'><strong>reddiderunt</strong></span> <span class='ocrx_word' id='word_1_82' title='bbox 553 1080 728 1162; x_wconf 88' lang='lat' dir='ltr'><strong>obsidesque</strong></span> <span class='ocrx_word' id='word_1_83' title='bbox 747 1085 867 1163; x_wconf 90' lang='lat' dir='ltr'><strong>insuper</strong></span> <span class='ocrx_word' id='word_1_84' title='bbox 882 1080 1058 1161; x_wconf 88' lang='lat' dir='ltr'><strong>optulerunt,</strong></span> 
     </span>
     <span class='ocr_line' id='line_1_12' title="bbox 56 1164 1059 1245; baseline 0.001 -21"><span class='ocrx_word' id='word_1_85' title='bbox 56 1164 196 1243; x_wconf 89' lang='lat' dir='ltr'><strong>denique,</strong></span> <span class='ocrx_word' id='word_1_86' title='bbox 212 1164 343 1243; x_wconf 90' lang='lat' dir='ltr'><strong>pluribus</strong></span> <span class='ocrx_word' id='word_1_87' title='bbox 360 1164 503 1244; x_wconf 89' lang='lat' dir='ltr'><strong>quondam</strong></span> <span class='ocrx_word' id='word_1_88' title='bbox 518 1165 554 1226; x_wconf 93' lang='lat' dir='ltr'><strong>de</strong></span> <span class='ocrx_word' id='word_1_89' title='bbox 569 1184 663 1243; x_wconf 86' lang='lat' dir='ltr'><strong>regno</strong></span> <span class='ocrx_word' id='word_1_90' title='bbox 674 1167 928 1245; x_wconf 88' lang='lat' dir='ltr'><strong>concertantibus,</strong></span> <span class='ocrx_word' id='word_1_91' title='bbox 944 1167 1059 1229; x_wconf 85' lang='lat' dir='ltr'><strong>nonnisi</strong></span> 
     </span>
     <span class='ocr_line' id='line_1_13' title="bbox 56 1246 538 1327; baseline 0 -19"><span class='ocrx_word' id='word_1_92' title='bbox 56 1248 91 1308; x_wconf 93' lang='lat' dir='ltr'><strong>ab</strong></span> <span class='ocrx_word' id='word_1_93' title='bbox 109 1250 173 1327; x_wconf 93' lang='lat' dir='ltr'><strong>ipso</strong></span> <span class='ocrx_word' id='word_1_94' title='bbox 191 1246 316 1308; x_wconf 88' lang='lat' dir='ltr'><strong>electum</strong></span> <span class='ocrx_word' id='word_1_95' title='bbox 331 1249 538 1326; x_wconf 68' lang='lat' dir='ltr'><strong>probaberunt.</strong></span> 
     </span>
     <span class='ocr_line' id='line_1_14' title="bbox 118 1331 1098 1406; baseline 0.006 -16"><span class='ocrx_word' id='word_1_96' title='bbox 118 1331 218 1390; x_wconf 89' lang='lat' dir='ltr'><strong>lanum</strong></span> <span class='ocrx_word' id='word_1_97' title='bbox 233 1332 396 1405; x_wconf 81' lang='lat' dir='ltr'><strong>Quirinum,</strong></span> <span class='ocrx_word' id='word_1_98' title='bbox 413 1331 504 1388; x_wconf 88' lang='lat' dir='ltr'><strong>semel</strong></span> <span class='ocrx_word' id='word_1_99' title='bbox 520 1340 605 1406; x_wconf 92' lang='lat' dir='ltr'><strong>atque</strong></span> <span class='ocrx_word' id='word_1_100' title='bbox 619 1335 722 1392; x_wconf 90' lang='lat' dir='ltr'><strong>iterum</strong></span> <span class='ocrx_word' id='word_1_101' title='bbox 736 1352 754 1393; x_wconf 91' lang='lat' dir='ltr'><strong>a</strong></span> <span class='ocrx_word' id='word_1_102' title='bbox 770 1337 885 1395; x_wconf 89' lang='lat' dir='ltr'><strong>condita</strong></span> <span class='ocrx_word' id='word_1_103' title='bbox 899 1336 971 1395; x_wconf 89' lang='lat' dir='ltr'><strong>urbe</strong></span> <span class='ocrx_word' id='word_1_104' title='bbox 990 1344 1098 1404; x_wconf 64' lang='lat' dir='ltr'><strong>autera</strong></span> 
     </span>
     <span class='ocr_line' id='line_1_15' title="bbox 57 1410 1058 1492; baseline 0 -20"><span class='ocrx_word' id='word_1_105' title='bbox 57 1415 225 1473; x_wconf 89' lang='lat' dir='ltr'><strong>memoriam</strong></span> <span class='ocrx_word' id='word_1_106' title='bbox 242 1429 323 1478; x_wconf 87' lang='lat' dir='ltr'><strong>suam</strong></span> <span class='ocrx_word' id='word_1_107' title='bbox 340 1412 483 1486; x_wconf 87' lang='lat' dir='ltr'><strong>clausum,</strong></span> <span class='ocrx_word' id='word_1_108' title='bbox 504 1413 533 1468; x_wconf 92' lang='lat' dir='ltr'><strong>in</strong></span> <span class='ocrx_word' id='word_1_109' title='bbox 547 1410 636 1470; x_wconf 91' lang='lat' dir='ltr'><strong>multo</strong></span> <span class='ocrx_word' id='word_1_110' title='bbox 655 1413 793 1474; x_wconf 83' lang='lat' dir='ltr'><strong>breviore</strong></span> <span class='ocrx_word' id='word_1_111' title='bbox 809 1419 947 1492; x_wconf 90' lang='lat' dir='ltr'><strong>temporis</strong></span> <span class='ocrx_word' id='word_1_112' title='bbox 964 1418 1058 1492; x_wconf 91' lang='lat' dir='ltr'><strong>spatio</strong></span> 
     </span>
     <span class='ocr_line' id='line_1_16' title="bbox 22 1491 1061 1573; baseline -0.004 -15"><span class='ocrx_word' id='word_1_113' title='bbox 22 1507 139 1558; x_wconf 79' lang='lat' dir='ltr'><strong>reterre</strong></span> <span class='ocrx_word' id='word_1_114' title='bbox 153 1496 282 1573; x_wconf 83' lang='lat' dir='ltr'><strong>marique</strong></span> <span class='ocrx_word' id='word_1_115' title='bbox 298 1510 374 1573; x_wconf 89' lang='lat' dir='ltr'><strong>pace</strong></span> <span class='ocrx_word' id='word_1_116' title='bbox 389 1501 472 1572; x_wconf 91' lang='lat' dir='ltr'><strong>parta</strong></span> <span class='ocrx_word' id='word_1_117' title='bbox 488 1501 534 1552; x_wconf 89' lang='lat' dir='ltr'><strong>ter</strong></span> <span class='ocrx_word' id='word_1_118' title='bbox 550 1491 643 1551; x_wconf 92' lang='lat' dir='ltr'><strong>clusit.</strong></span> <span class='ocrx_word' id='word_1_119' title='bbox 674 1494 723 1552; x_wconf 92' lang='lat' dir='ltr'><strong>Bis</strong></span> <span class='ocrx_word' id='word_1_120' title='bbox 739 1510 829 1553; x_wconf 88' lang='lat' dir='ltr'><strong>ovans</strong></span> <span class='ocrx_word' id='word_1_121' title='bbox 845 1497 994 1569; x_wconf 83' lang='lat' dir='ltr'><strong>ingressus</strong></span> <span class='ocrx_word' id='word_1_122' title='bbox 1015 1503 1061 1556; x_wconf 90' lang='lat' dir='ltr'><strong>est</strong></span> 
     </span>
     <span class='ocr_line' id='line_1_17' title="bbox 60 1572 1059 1658; baseline -0.001 -19"><span class='ocrx_word' id='word_1_123' title='bbox 60 1580 176 1656; x_wconf 89' lang='lat' dir='ltr'><strong>urbem,</strong></span> <span class='ocrx_word' id='word_1_124' title='bbox 193 1587 260 1658; x_wconf 91' lang='lat' dir='ltr'><strong>post</strong></span> <span class='ocrx_word' id='word_1_125' title='bbox 276 1577 465 1657; x_wconf 86' lang='lat' dir='ltr'><strong>Philippense</strong></span> <span class='ocrx_word' id='word_1_126' title='bbox 481 1584 511 1636; x_wconf 90' lang='lat' dir='ltr'><strong>et</strong></span> <span class='ocrx_word' id='word_1_127' title='bbox 525 1572 624 1636; x_wconf 88' lang='lat' dir='ltr'><strong>rursu&#39;s</strong></span> <span class='ocrx_word' id='word_1_128' title='bbox 641 1585 709 1656; x_wconf 93' lang='lat' dir='ltr'><strong>post</strong></span> <span class='ocrx_word' id='word_1_129' title='bbox 724 1576 851 1637; x_wconf 90' lang='lat' dir='ltr'><strong>Siculum</strong></span> <span class='ocrx_word' id='word_1_130' title='bbox 865 1577 982 1637; x_wconf 89' lang='lat' dir='ltr'><strong>bellum.</strong></span> <span class='ocrx_word' id='word_1_131' title='bbox 1005 1577 1059 1638; x_wconf 84' lang='lat' dir='ltr'><strong>cu-</strong></span> 
     </span>
     <span class='ocr_line' id='line_1_18' title="bbox 57 1660 1060 1741; baseline -0.007 -15"><span class='ocrx_word' id='word_1_132' title='bbox 57 1665 129 1726; x_wconf 86' lang='lat' dir='ltr'><strong>rulis</strong></span> <span class='ocrx_word' id='word_1_133' title='bbox 146 1661 306 1741; x_wconf 91' lang='lat' dir='ltr'><strong>triumphos</strong></span> <span class='ocrx_word' id='word_1_134' title='bbox 322 1664 374 1722; x_wconf 89' lang='lat' dir='ltr'><strong>tris</strong></span> <span class='ocrx_word' id='word_1_135' title='bbox 391 1663 468 1738; x_wconf 79' lang='lat' dir='ltr'><strong>egit,</strong></span> <span class='ocrx_word' id='word_1_136' title='bbox 485 1660 685 1740; x_wconf 78' lang='lat' dir='ltr'><strong>Delmaticum,</strong></span> <span class='ocrx_word' id='word_1_137' title='bbox 703 1661 870 1740; x_wconf 85' lang='lat' dir='ltr'><strong>Actiacum,</strong></span> <span class='ocrx_word' id='word_1_138' title='bbox 888 1660 1060 1722; x_wconf 85' lang='lat' dir='ltr'><strong>Alexandri·</strong></span> 
     </span>
     <span class='ocr_line' id='line_1_19' title="bbox 58 1744 1103 1826; baseline -0.004 -18"><span class='ocrx_word' id='word_1_139' title='bbox 58 1766 141 1824; x_wconf 87' lang='lat' dir='ltr'><strong>num,</strong></span> <span class='ocrx_word' id='word_1_140' title='bbox 164 1749 299 1807; x_wconf 88' lang='lat' dir='ltr'><strong>continuo</strong></span> <span class='ocrx_word' id='word_1_141' title='bbox 321 1745 415 1806; x_wconf 90' lang='lat' dir='ltr'><strong>triduo</strong></span> <span class='ocrx_word' id='word_1_142' title='bbox 436 1763 547 1806; x_wconf 89' lang='lat' dir='ltr'><strong>omnes.</strong></span> <span class='ocrx_word' id='word_1_143' title='bbox 580 1744 691 1807; x_wconf 82' lang='lat' dir='ltr'><strong>Graves</strong></span> <span class='ocrx_word' id='word_1_144' title='bbox 713 1748 885 1824; x_wconf 76' lang='lat' dir='ltr'><strong>ignominias</strong></span> <span class='ocrx_word' id='word_1_145' title='bbox 901 1745 1060 1826; x_wconf 89' lang='lat' dir='ltr'><strong>cladesque</strong></span> <span class='ocrx_word' id='word_1_146' title='bbox 1068 1761 1103 1817; x_wconf 74' lang='lat'><strong>23</strong></span> 
     </span>
     <span class='ocr_line' id='line_1_20' title="bbox 59 1828 1060 1913; baseline -0.004 -20"><span class='ocrx_word' id='word_1_147' title='bbox 59 1832 129 1894; x_wconf 88' lang='lat' dir='ltr'><strong>duas</strong></span> <span class='ocrx_word' id='word_1_148' title='bbox 145 1833 258 1892; x_wconf 87' lang='lat' dir='ltr'><strong>omnino</strong></span> <span class='ocrx_word' id='word_1_149' title='bbox 274 1849 330 1891; x_wconf 93' lang='lat' dir='ltr'><strong>nec</strong></span> <span class='ocrx_word' id='word_1_150' title='bbox 348 1829 417 1891; x_wconf 90' lang='lat' dir='ltr'><strong>alibi</strong></span> <span class='ocrx_word' id='word_1_151' title='bbox 432 1848 515 1909; x_wconf 89' lang='lat' dir='ltr'><strong>qnam</strong></span> <span class='ocrx_word' id='word_1_152' title='bbox 532 1832 561 1890; x_wconf 89' lang='lat' dir='ltr'><strong>in</strong></span> <span class='ocrx_word' id='word_1_153' title='bbox 576 1828 728 1892; x_wconf 82' lang='lat' dir='ltr'><strong>Germania</strong></span> <span class='ocrx_word' id='word_1_154' title='bbox 750 1835 880 1913; x_wconf 88' lang='lat' dir='ltr'><strong>accepit,</strong></span> <span class='ocrx_word' id='word_1_155' title='bbox 901 1831 1060 1893; x_wconf 88' lang='lat' dir='ltr'><strong>Lollianam</strong></span> 
     </span>
     <span class='ocr_line' id='line_1_21' title="bbox 21 1913 1058 1997; baseline -0.003 -20"><span class='ocrx_word' id='word_1_156' title='bbox 21 1926 90 1978; x_wconf 76' lang='lat' dir='ltr'><strong>aoet</strong></span> <span class='ocrx_word' id='word_1_157' title='bbox 117 1917 289 1992; x_wconf 86' lang='lat' dir='ltr'><strong>Varianam,</strong></span> <span class='ocrx_word' id='word_1_158' title='bbox 318 1913 371 1976; x_wconf 89' lang='lat' dir='ltr'><strong>sed</strong></span> <span class='ocrx_word' id='word_1_159' title='bbox 393 1914 551 1977; x_wconf 79' lang='lat' dir='ltr'><strong>Lollianam</strong></span> <span class='ocrx_word' id='word_1_160' title='bbox 573 1917 689 1977; x_wconf 89' lang='lat' dir='ltr'><strong>maioris</strong></span> <span class='ocrx_word' id='word_1_161' title='bbox 712 1915 846 1976; x_wconf 82' lang='lat' dir='ltr'><strong>infamiae</strong></span> <span class='ocrx_word' id='word_1_162' title='bbox 868 1935 952 1997; x_wconf 91' lang='lat' dir='ltr'><strong>quarn</strong></span> <span class='ocrx_word' id='word_1_163' title='bbox 970 1913 1058 1976; x_wconf 89' lang='lat' dir='ltr'><strong>detri-</strong></span> 
     </span>
     <span class='ocr_line' id='line_1_22' title="bbox 58 1999 1058 2078; baseline -0.002 -18"><span class='ocrx_word' id='word_1_164' title='bbox 58 2001 163 2075; x_wconf 89' lang='lat' dir='ltr'><strong>menti,</strong></span> <span class='ocrx_word' id='word_1_165' title='bbox 183 2000 338 2060; x_wconf 88' lang='lat' dir='ltr'><strong>Varianam</strong></span> <span class='ocrx_word' id='word_1_166' title='bbox 359 2016 453 2076; x_wconf 86' lang='lat' dir='ltr'><strong>paene</strong></span> <span class='ocrx_word' id='word_1_167' title='bbox 474 1999 667 2078; x_wconf 83' lang='lat' dir='ltr'><strong>exitiabilem,</strong></span> <span class='ocrx_word' id='word_1_168' title='bbox 691 2000 782 2060; x_wconf 89' lang='lat' dir='ltr'><strong>tribus</strong></span> <span class='ocrx_word' id='word_1_169' title='bbox 807 1999 971 2077; x_wconf 83' lang='lat' dir='ltr'><strong>legionibus</strong></span> <span class='ocrx_word' id='word_1_170' title='bbox 995 2016 1058 2061; x_wconf 89' lang='lat' dir='ltr'><strong>cum</strong></span> 
     </span>
     <span class='ocr_line' id='line_1_23' title="bbox 58 2080 1057 2160; baseline -0.002 -15"><span class='ocrx_word' id='word_1_171' title='bbox 58 2085 135 2145; x_wconf 91' lang='lat' dir='ltr'><strong>duce</strong></span> <span class='ocrx_word' id='word_1_172' title='bbox 150 2080 314 2160; x_wconf 82' lang='lat' dir='ltr'><strong>legatisque</strong></span> <span class='ocrx_word' id='word_1_173' title='bbox 331 2089 361 2141; x_wconf 93' lang='lat' dir='ltr'><strong>et</strong></span> <span class='ocrx_word' id='word_1_174' title='bbox 378 2082 489 2141; x_wconf 86' lang='lat' dir='ltr'><strong>auxiliis</strong></span> <span class='ocrx_word' id='word_1_175' title='bbox 505 2083 635 2144; x_wconf 90' lang='lat' dir='ltr'><strong>omnibus</strong></span> <span class='ocrx_word' id='word_1_176' title='bbox 653 2087 757 2145; x_wconf 89' lang='lat' dir='ltr'><strong>caesis.</strong></span> <span class='ocrx_word' id='word_1_177' title='bbox 787 2082 849 2142; x_wconf 89' lang='lat' dir='ltr'><strong>llao</strong></span> <span class='ocrx_word' id='word_1_178' title='bbox 864 2087 990 2145; x_wconf 90' lang='lat' dir='ltr'><strong>nuntiata</strong></span> <span class='ocrx_word' id='word_1_179' title='bbox 1008 2102 1057 2144; x_wconf 87' lang='lat' dir='ltr'><strong>ex-</strong></span> 
     </span>
     <span class='ocr_line' id='line_1_24' title="bbox 59 2164 1058 2246; baseline -0.001 -18"><span class='ocrx_word' id='word_1_180' title='bbox 59 2166 160 2229; x_wconf 87' lang='lat' dir='ltr'><strong>cubias</strong></span> <span class='ocrx_word' id='word_1_181' title='bbox 175 2184 230 2246; x_wconf 89' lang='lat' dir='ltr'><strong>per</strong></span> <span class='ocrx_word' id='word_1_182' title='bbox 245 2165 346 2226; x_wconf 92' lang='lat' dir='ltr'><strong>urbem</strong></span> <span class='ocrx_word' id='word_1_183' title='bbox 361 2164 471 2241; x_wconf 81' lang='lat' dir='ltr'><strong>indixit,</strong></span> <span class='ocrx_word' id='word_1_184' title='bbox 488 2184 525 2225; x_wconf 93' lang='lat' dir='ltr'><strong>ne</strong></span> <span class='ocrx_word' id='word_1_185' title='bbox 543 2168 605 2245; x_wconf 90' lang='lat' dir='ltr'><strong>quis</strong></span> <span class='ocrx_word' id='word_1_186' title='bbox 623 2169 756 2229; x_wconf 90' lang='lat' dir='ltr'><strong>tumultus</strong></span> <span class='ocrx_word' id='word_1_187' title='bbox 770 2169 918 2243; x_wconf 85' lang='lat' dir='ltr'><strong>existeret,</strong></span> <span class='ocrx_word' id='word_1_188' title='bbox 934 2176 964 2225; x_wconf 92' lang='lat' dir='ltr'><strong>et</strong></span> <span class='ocrx_word' id='word_1_189' title='bbox 975 2185 1058 2244; x_wconf 90' lang='lat' dir='ltr'><strong>prae-</strong></span> 
     </span>
     <span class='ocr_line' id='line_1_25' title="bbox 60 2250 1060 2330; baseline -0.007 -16"><span class='ocrx_word' id='word_1_190' title='bbox 60 2250 169 2314; x_wconf 88' lang='lat' dir='ltr'><strong>sidibus</strong></span> <span class='ocrx_word' id='word_1_191' title='bbox 194 2251 410 2329; x_wconf 84' lang='lat' dir='ltr'><strong>provinciarum</strong></span> <span class='ocrx_word' id='word_1_192' title='bbox 431 2252 608 2328; x_wconf 84' lang='lat' dir='ltr'><strong>propagavit</strong></span> <span class='ocrx_word' id='word_1_193' title='bbox 625 2253 789 2330; x_wconf 88' lang='lat' dir='ltr'><strong>imperium,</strong></span> <span class='ocrx_word' id='word_1_194' title='bbox 812 2261 843 2311; x_wconf 91' lang='lat' dir='ltr'><strong>ut</strong></span> <span class='ocrx_word' id='word_1_195' title='bbox 870 2250 1008 2330; x_wconf 90' lang='lat' dir='ltr'><strong>aperitis</strong></span> <span class='ocrx_word' id='word_1_196' title='bbox 1031 2257 1060 2308; x_wconf 91' lang='lat' dir='ltr'><strong>et</strong></span> 
     </span>
     <span class='ocr_line' id='line_1_26' title="bbox 21 2332 1060 2414; baseline -0.009 -15"><span class='ocrx_word' id='word_1_197' title='bbox 21 2336 184 2399; x_wconf 77' lang='lat' dir='ltr'><strong>aeassuetis</strong></span> <span class='ocrx_word' id='word_1_198' title='bbox 212 2336 285 2396; x_wconf 90' lang='lat' dir='ltr'><strong>socii</strong></span> <span class='ocrx_word' id='word_1_199' title='bbox 313 2336 538 2396; x_wconf 80' lang='lat' dir='ltr'><strong>continerentur.</strong></span> <span class='ocrx_word' id='word_1_200' title='bbox 574 2335 663 2396; x_wconf 87' lang='lat' dir='ltr'><strong>Vovit</strong></span> <span class='ocrx_word' id='word_1_201' title='bbox 686 2344 715 2395; x_wconf 88' lang='lat' dir='ltr'><strong>et</strong></span> <span class='ocrx_word' id='word_1_202' title='bbox 740 2354 861 2414; x_wconf 84' lang='lat' dir='ltr'><strong>magnos</strong></span> <span class='ocrx_word' id='word_1_203' title='bbox 891 2334 976 2395; x_wconf 91' lang='lat' dir='ltr'><strong>ludos</strong></span> <span class='ocrx_word' id='word_1_204' title='bbox 997 2332 1060 2392; x_wconf 90' lang='lat' dir='ltr'><strong>lovi</strong></span> 
     </span>
     <span class='ocr_line' id='line_1_27' title="bbox 59 2414 1059 2500; baseline -0.007 -18"><span class='ocrx_word' id='word_1_205' title='bbox 59 2418 317 2500; x_wconf 86' lang='lat' dir='ltr'><strong>Optimoblaximo,</strong></span> <span class='ocrx_word' id='word_1_206' title='bbox 335 2420 359 2480; x_wconf 90' lang='lat' dir='ltr'><strong>si</strong></span> <span class='ocrx_word' id='word_1_207' title='bbox 374 2437 423 2479; x_wconf 92' lang='lat' dir='ltr'><strong>res</strong></span> <span class='ocrx_word' id='word_1_208' title='bbox 438 2437 469 2499; x_wconf 88' lang='lat' dir='ltr'><strong>p.</strong></span> <span class='ocrx_word' id='word_1_209' title='bbox 485 2421 514 2478; x_wconf 93' lang='lat' dir='ltr'><strong>in</strong></span> <span class='ocrx_word' id='word_1_210' title='bbox 528 2418 678 2479; x_wconf 88' lang='lat' dir='ltr'><strong>meliorem</strong></span> <span class='ocrx_word' id='word_1_211' title='bbox 693 2428 795 2480; x_wconf 88' lang='lat' dir='ltr'><strong>statum</strong></span> <span class='ocrx_word' id='word_1_212' title='bbox 810 2421 963 2481; x_wconf 86' lang='lat' dir='ltr'><strong>vertisset:</strong></span> <span class='ocrx_word' id='word_1_213' title='bbox 983 2414 1059 2497; x_wconf 91' lang='lat' dir='ltr'><strong>quod</strong></span> 
     </span>
     <span class='ocr_line' id='line_1_28' title="bbox 58 2501 1058 2585; baseline -0.005 -19"><span class='ocrx_word' id='word_1_214' title='bbox 58 2506 167 2567; x_wconf 83' lang='lat' dir='ltr'><strong>iactum</strong></span> <span class='ocrx_word' id='word_1_215' title='bbox 183 2501 328 2565; x_wconf 79' lang='lat' dir='ltr'><strong>Cimbrico</strong></span> <span class='ocrx_word' id='word_1_216' title='bbox 346 2502 530 2584; x_wconf 80' lang='lat' dir='ltr'><strong>Marsicoque</strong></span> <span class='ocrx_word' id='word_1_217' title='bbox 546 2503 626 2565; x_wconf 92' lang='lat' dir='ltr'><strong>bello</strong></span> <span class='ocrx_word' id='word_1_218' title='bbox 641 2512 713 2565; x_wconf 90' lang='lat' dir='ltr'><strong>erat.</strong></span> <span class='ocrx_word' id='word_1_219' title='bbox 750 2503 835 2565; x_wconf 83' lang='lat' dir='ltr'><strong>Adeo</strong></span> <span class='ocrx_word' id='word_1_220' title='bbox 851 2505 974 2585; x_wconf 90' lang='lat' dir='ltr'><strong>denique</strong></span> <span class='ocrx_word' id='word_1_221' title='bbox 990 2520 1058 2562; x_wconf 90' lang='lat' dir='ltr'><strong>con-</strong></span> 
     </span>
     <span class='ocr_line' id='line_1_29' title="bbox 60 2587 1058 2668; baseline -0.006 -17"><span class='ocrx_word' id='word_1_222' title='bbox 60 2596 217 2652; x_wconf 88' lang='lat' dir='ltr'><strong>sternatum</strong></span> <span class='ocrx_word' id='word_1_223' title='bbox 237 2588 347 2667; x_wconf 86' lang='lat' dir='ltr'><strong>ierunt,</strong></span> <span class='ocrx_word' id='word_1_224' title='bbox 371 2597 402 2649; x_wconf 90' lang='lat' dir='ltr'><strong>nt</strong></span> <span class='ocrx_word' id='word_1_225' title='bbox 418 2607 473 2667; x_wconf 93' lang='lat' dir='ltr'><strong>per</strong></span> <span class='ocrx_word' id='word_1_226' title='bbox 494 2590 646 2650; x_wconf 88' lang='lat' dir='ltr'><strong>continuos</strong></span> <span class='ocrx_word' id='word_1_227' title='bbox 656 2607 773 2650; x_wconf 90' lang='lat' dir='ltr'><strong>meuses</strong></span> <span class='ocrx_word' id='word_1_228' title='bbox 788 2588 878 2650; x_wconf 91' lang='lat' dir='ltr'><strong>barba</strong></span> <span class='ocrx_word' id='word_1_229' title='bbox 894 2587 1058 2668; x_wconf 91' lang='lat' dir='ltr'><strong>capilloque</strong></span> 
     </span>
     <span class='ocr_line' id='line_1_30' title="bbox 61 2669 1057 2752; baseline -0.003 -17"><span class='ocrx_word' id='word_1_230' title='bbox 61 2675 210 2736; x_wconf 86' lang='lat' dir='ltr'><strong>summisso</strong></span> <span class='ocrx_word' id='word_1_231' title='bbox 229 2682 316 2752; x_wconf 86' lang='lat' dir='ltr'><strong>caput</strong></span> <span class='ocrx_word' id='word_1_232' title='bbox 330 2673 471 2734; x_wconf 90' lang='lat' dir='ltr'><strong>interdum</strong></span> <span class='ocrx_word' id='word_1_233' title='bbox 482 2673 593 2734; x_wconf 83' lang='lat' dir='ltr'><strong>loribus</strong></span> <span class='ocrx_word' id='word_1_234' title='bbox 608 2673 748 2752; x_wconf 90' lang='lat' dir='ltr'><strong>illideret,</strong></span> <span class='ocrx_word' id='word_1_235' title='bbox 769 2674 946 2734; x_wconf 85' lang='lat' dir='ltr'><strong>vociferans:</strong></span> <span class='ocrx_word' id='word_1_236' title='bbox 964 2669 1057 2746; x_wconf 74' lang='lat' dir='ltr'><strong>Octo-</strong></span> 
     </span>
     <span class='ocr_line' id='line_1_31' title="bbox 23 2755 1058 2839; baseline -0.005 -20"><span class='ocrx_word' id='word_1_237' title='bbox 23 2758 109 2821; x_wconf 82' lang='lat' dir='ltr'><strong>eotilt‘</strong></span> <span class='ocrx_word' id='word_1_238' title='bbox 129 2755 225 2837; x_wconf 85' lang='lat' dir='ltr'><strong>Vorc,</strong></span> <span class='ocrx_word' id='word_1_239' title='bbox 252 2758 388 2837; x_wconf 79' lang='lat' dir='ltr'><strong>lepioces</strong></span> <span class='ocrx_word' id='word_1_240' title='bbox 410 2757 525 2820; x_wconf 83' lang='lat' dir='ltr'><strong>redde!</strong></span> <span class='ocrx_word' id='word_1_241' title='bbox 549 2759 680 2839; x_wconf 87' lang='lat' dir='ltr'><strong>diemque</strong></span> <span class='ocrx_word' id='word_1_242' title='bbox 698 2760 788 2820; x_wconf 89' lang='lat' dir='ltr'><strong>cladis</strong></span> <span class='ocrx_word' id='word_1_243' title='bbox 804 2767 873 2839; x_wconf 95' lang='lat' dir='ltr'><strong>quot</strong></span> <span class='ocrx_word' id='word_1_244' title='bbox 888 2759 968 2818; x_wconf 91' lang='lat' dir='ltr'><strong>anuis</strong></span> <span class='ocrx_word' id='word_1_245' title='bbox 982 2773 1058 2815; x_wconf 88' lang='lat' dir='ltr'><strong>mae-</strong></span> 
     </span>
     <span class='ocr_line' id='line_1_32' title="bbox 61 2841 1100 2919; baseline -0.008 -15"><span class='ocrx_word' id='word_1_246' title='bbox 61 2852 135 2904; x_wconf 90' lang='lat' dir='ltr'><strong>stum</strong></span> <span class='ocrx_word' id='word_1_247' title='bbox 163 2843 298 2903; x_wconf 88' lang='lat' dir='ltr'><strong>babuerit</strong></span> <span class='ocrx_word' id='word_1_248' title='bbox 318 2861 352 2903; x_wconf 90' lang='lat' dir='ltr'><strong>ac</strong></span> <span class='ocrx_word' id='word_1_249' title='bbox 373 2842 535 2919; x_wconf 81' lang='lat' dir='ltr'><strong>lugubrem.</strong></span> <span class='ocrx_word' id='word_1_250' title='bbox 571 2842 604 2903; x_wconf 92' lang='lat' dir='ltr'><strong>ln</strong></span> <span class='ocrx_word' id='word_1_251' title='bbox 627 2863 660 2904; x_wconf 88' lang='lat' dir='ltr'><strong>re</strong></span> <span class='ocrx_word' id='word_1_252' title='bbox 681 2845 796 2905; x_wconf 90' lang='lat' dir='ltr'><strong>militari</strong></span> <span class='ocrx_word' id='word_1_253' title='bbox 820 2852 850 2902; x_wconf 90' lang='lat' dir='ltr'><strong>et</strong></span> <span class='ocrx_word' id='word_1_254' title='bbox 876 2841 1100 2902; x_wconf 78' lang='lat' dir='ltr'><strong>commutavit24</strong></span> 
     </span>
     <span class='ocr_line' id='line_1_33' title="bbox 60 2924 1059 3007; baseline -0.005 -20"><span class='ocrx_word' id='word_1_255' title='bbox 60 2927 149 2988; x_wconf 91' lang='lat' dir='ltr'><strong>multa</strong></span> <span class='ocrx_word' id='word_1_256' title='bbox 171 2936 200 2987; x_wconf 92' lang='lat' dir='ltr'><strong>et</strong></span> <span class='ocrx_word' id='word_1_257' title='bbox 221 2927 357 3002; x_wconf 89' lang='lat' dir='ltr'><strong>instituit,</strong></span> <span class='ocrx_word' id='word_1_258' title='bbox 379 2935 464 3006; x_wconf 90' lang='lat' dir='ltr'><strong>atque</strong></span> <span class='ocrx_word' id='word_1_259' title='bbox 486 2931 572 2989; x_wconf 88' lang='lat' dir='ltr'><strong>etiarn</strong></span> <span class='ocrx_word' id='word_1_260' title='bbox 587 2927 622 2988; x_wconf 89' lang='lat' dir='ltr'><strong>ad</strong></span> <span class='ocrx_word' id='word_1_261' title='bbox 637 2931 781 3007; x_wconf 89' lang='lat' dir='ltr'><strong>antiquum</strong></span> <span class='ocrx_word' id='word_1_262' title='bbox 798 2945 907 2987; x_wconf 90' lang='lat' dir='ltr'><strong>morem</strong></span> <span class='ocrx_word' id='word_1_263' title='bbox 923 2924 1059 2986; x_wconf 91' lang='lat' dir='ltr'><strong>nonnulla</strong></span> 
     </span>
     <span class='ocr_line' id='line_1_34' title="bbox 43 3012 222 3073; baseline 0.006 -4"><span class='ocrx_word' id='word_1_264' title='bbox 43 3012 222 3073; x_wconf 84' lang='lat' dir='ltr'><strong>revocavit.</strong></span> 
     </span>
     <span class='ocr_line' id='line_1_35' title="bbox 123 3092 1059 3175; baseline -0.005 -21"><span class='ocrx_word' id='word_1_265' title='bbox 123 3094 311 3174; x_wconf 85' lang='lat' dir='ltr'><strong>Disciplinam</strong></span> <span class='ocrx_word' id='word_1_266' title='bbox 333 3097 517 3156; x_wconf 87' lang='lat' dir='ltr'><strong>severissime</strong></span> <span class='ocrx_word' id='word_1_267' title='bbox 530 3099 623 3158; x_wconf 88' lang='lat' dir='ltr'><strong>rexit:</strong></span> <span class='ocrx_word' id='word_1_268' title='bbox 642 3114 679 3156; x_wconf 88' lang='lat' dir='ltr'><strong>nc</strong></span> <span class='ocrx_word' id='word_1_269' title='bbox 693 3095 856 3175; x_wconf 80' lang='lat' dir='ltr'><strong>legatorum</strong></span> <span class='ocrx_word' id='word_1_270' title='bbox 873 3093 986 3173; x_wconf 90' lang='lat' dir='ltr'><strong>quidem</strong></span> <span class='ocrx_word' id='word_1_271' title='bbox 1002 3092 1059 3150; x_wconf 91' lang='lat' dir='ltr'><strong>cui-</strong></span> 
     </span>
    </p>
   </div>
   <div class='ocr_carea' id='block_1_3' title="bbox 26 3176 1060 3516">
    <p class='ocr_par' dir='ltr' id='par_1_3' title="bbox 26 3176 1060 3516">
     <span class='ocr_line' id='line_1_36' title="bbox 26 3176 1060 3261; baseline -0.004 -24"><span class='ocrx_word' id='word_1_272' title='bbox 26 3196 164 3261; x_wconf 86' lang='lat' dir='ltr'><strong>ssqnam,</strong></span> <span class='ocrx_word' id='word_1_273' title='bbox 186 3181 240 3240; x_wconf 90' lang='lat' dir='ltr'><strong>nisi</strong></span> <span class='ocrx_word' id='word_1_274' title='bbox 262 3188 385 3258; x_wconf 84' lang='lat' dir='ltr'><strong>gravate</strong></span> <span class='ocrx_word' id='word_1_275' title='bbox 407 3179 593 3260; x_wconf 91' lang='lat' dir='ltr'><strong>hibernisque</strong></span> <span class='ocrx_word' id='word_1_276' title='bbox 614 3181 725 3241; x_wconf 90' lang='lat' dir='ltr'><strong>demum</strong></span> <span class='ocrx_word' id='word_1_277' title='bbox 744 3181 906 3255; x_wconf 89' lang='lat' dir='ltr'><strong>mensibus,</strong></span> <span class='ocrx_word' id='word_1_278' title='bbox 931 3176 1060 3256; x_wconf 89' lang='lat' dir='ltr'><strong>permisit</strong></span> 
     </span>
     <span class='ocr_line' id='line_1_37' title="bbox 62 3260 1058 3346; baseline -0.006 -21"><span class='ocrx_word' id='word_1_279' title='bbox 62 3281 184 3326; x_wconf 89' lang='lat' dir='ltr'><strong>uxorem</strong></span> <span class='ocrx_word' id='word_1_280' title='bbox 204 3265 386 3326; x_wconf 83' lang='lat' dir='ltr'><strong>intervisere.</strong></span> <span class='ocrx_word' id='word_1_281' title='bbox 423 3265 557 3343; x_wconf 85' lang='lat' dir='ltr'><strong>Equitem</strong></span> <span class='ocrx_word' id='word_1_282' title='bbox 580 3265 633 3342; x_wconf 66' lang='lat' dir='ltr'><strong>R„</strong></span> <span class='ocrx_word' id='word_1_283' title='bbox 655 3266 731 3346; x_wconf 92' lang='lat' dir='ltr'><strong>quod</strong></span> <span class='ocrx_word' id='word_1_284' title='bbox 751 3266 862 3327; x_wconf 88' lang='lat' dir='ltr'><strong>duobus</strong></span> <span class='ocrx_word' id='word_1_285' title='bbox 883 3264 948 3324; x_wconf 85' lang='lat' dir='ltr'><strong>filiis</strong></span> <span class='ocrx_word' id='word_1_286' title='bbox 963 3260 1058 3322; x_wconf 91' lang='lat' dir='ltr'><strong>adule-</strong></span> 
     </span>
     <span class='ocr_line' id='line_1_38' title="bbox 64 3347 1052 3430; baseline -0.006 -21"><span class='ocrx_word' id='word_1_287' title='bbox 64 3347 211 3410; x_wconf 90' lang='lat' dir='ltr'><strong>scentibus</strong></span> <span class='ocrx_word' id='word_1_288' title='bbox 235 3367 321 3411; x_wconf 92' lang='lat' dir='ltr'><strong>causa</strong></span> <span class='ocrx_word' id='word_1_289' title='bbox 339 3349 519 3410; x_wconf 89' lang='lat' dir='ltr'><strong>detrectandi</strong></span> <span class='ocrx_word' id='word_1_290' title='bbox 540 3353 709 3411; x_wconf 89' lang='lat' dir='ltr'><strong>sacramenti</strong></span> <span class='ocrx_word' id='word_1_291' title='bbox 730 3350 855 3430; x_wconf 90' lang='lat' dir='ltr'><strong>pollices</strong></span> <span class='ocrx_word' id='word_1_292' title='bbox 874 3352 1052 3427; x_wconf 62' lang='lat' dir='ltr'><strong>amputasset,</strong></span> 
     </span>
     <span class='ocr_line' id='line_1_39' title="bbox 63 3432 1056 3516; baseline -0.003 -23"><span class='ocrx_word' id='word_1_293' title='bbox 63 3433 158 3514; x_wconf 90' lang='lat' dir='ltr'><strong>ipsum</strong></span> <span class='ocrx_word' id='word_1_294' title='bbox 172 3432 305 3515; x_wconf 89' lang='lat' dir='ltr'><strong>bonaque</strong></span> <span class='ocrx_word' id='word_1_295' title='bbox 328 3433 450 3497; x_wconf 90' lang='lat' dir='ltr'><strong>subiecit</strong></span> <span class='ocrx_word' id='word_1_296' title='bbox 465 3434 580 3508; x_wconf 81' lang='lat' dir='ltr'><strong>hastae3</strong></span> <span class='ocrx_word' id='word_1_297' title='bbox 603 3454 687 3516; x_wconf 91' lang='lat' dir='ltr'><strong>qnem</strong></span> <span class='ocrx_word' id='word_1_298' title='bbox 704 3445 814 3514; x_wconf 84' lang='lat' dir='ltr'><strong>tamen,</strong></span> <span class='ocrx_word' id='word_1_299' title='bbox 830 3433 907 3513; x_wconf 92' lang='lat' dir='ltr'><strong>quod</strong></span> <span class='ocrx_word' id='word_1_300' title='bbox 922 3433 1056 3493; x_wconf 49' lang='lat' dir='ltr'><strong>iumine*</strong></span> 
     </span>
    </p>
   </div>
   <div class='ocr_carea' id='block_1_4' title="bbox 0 0 1173 3870">
    <p class='ocr_par' dir='ltr' id='par_1_4' title="bbox 0 0 1173 3870">
     <span class='ocr_line' id='line_1_40' title="bbox 0 0 1173 3870; baseline 0 0"><span class='ocrx_word' id='word_1_301' title='bbox 0 0 1173 3870; x_wconf 95' lang='lat' dir='ltr'><strong> </strong></span> 
     </span>
    </p>
   </div>
  </div>
 </body>
</html>
