2334 3870
214 181 299 230 nxrv
553 176 759 225 pessumo.

215 340 340 397 bonitate
369 335 512 392 occaecati
537 334 648 390 nimium
673 335 699 389 ei
725 335 949 405 obsequeremur.
996 336 1123 394 Eandem

216 422 302 494 igitur
318 423 409 492 legem
424 436 504 490 quam
521 419 549 472 in
566 414 696 473 leidensi
711 418 793 473 nobis
808 418 1024 490 scripseramus,
1040 427 1073 474 ut
1090 439 1123 476 ne

216 506 371 577 singularia
397 510 589 574 captaremus,
618 502 669 557 sed
692 501 844 556 communia
868 508 1047 571 teneremus,
1078 505 1124 560 bio

215 605 325 661 quoqne
342 588 522 644 servavimus.
553 585 648 656 ltaque
664 600 829 640 consensum
844 584 960 640 Gudiani
974 584 1044 642 libri
1062 604 1123 643 cum

215 672 342 729 leidensi
356 687 408 743 pro
424 668 580 726 firmissimo
595 668 716 741 pignore
729 666 859 723 lectionis
873 668 1022 740 pristinae,
1037 670 1123 726 idest

214 757 242 810 iu
255 755 434 811 Henochiano
450 754 603 823 archetypo
620 752 760 820 inventae,
775 750 932 814 babuimus;
947 751 997 808 ubi
1009 754 1122 811 dissen-

213 839 267 895 tire
283 838 456 908 videbamus,
474 837 503 891 iu
518 841 643 891 nentrum
658 835 817 908 proniores,
833 835 878 890 vel
896 835 1072 906 reliquorum
1088 840 1122 892 li-

213 922 326 978 brorum
343 923 389 976 vel
405 921 492 993 ipsius
516 918 557 973 rei
578 919 686 975 ratione
711 909 806 974 babila
822 923 946 974 veterem
968 920 1120 976 lectionem

214 1005 326 1075 assequi
343 1005 504 1060 studuimus.

274 1088 349 1144 llaec
364 1095 394 1142 ut
408 1087 514 1156 aliquot
530 1085 665 1157 exemplis
682 1085 859 1155 conlirmcn,
879 1101 1016 1143 consensu
1030 1084 1112 1140 codi-

214 1187 274 1225 cum
289 1170 432 1224 Leidensis
450 1175 478 1222 et
497 1167 613 1223 Gudiani
631 1167 756 1225 stabilita
772 1168 949 1226 existimavi:
971 1173 1070 1242 6256,
1081 1175 1117 1228 26

211 1253 313 1307 Iaeeus
338 1267 393 1306 non
411 1251 577 1322 aspiratum,
603 1269 632 1322 p.
654 1257 723 1322 260,
747 1260 779 1311 15
800 1252 892 1307 adbuc
912 1252 1061 1323 omissum,
1084 1259 1118 1312 30

212 1351 291 1391 suum
308 1336 449 1389 annalium
463 1335 563 1401 Ennii,
579 1352 607 1406 p.
625 1340 692 1404 262,
708 1341 742 1392 24
763 1336 795 1390 Is
810 1338 939 1408 scripsit,
956 1353 985 1408 p.
1004 1341 1068 1406 264.
1081 1342 1115 1396 53

213 1419 363 1488 Catulinae,
379 1436 408 1490 p.
417 1424 478 1488 266,
494 1425 510 1477 1
526 1418 723 1488 inscribuntur,
743 1426 841 1491 p.268,
855 1426 889 1478 21
903 1419 1119 1489 ostenderemus,

213 1521 241 1575 p.
253 1508 325 1573 271,
347 1509 382 1562 23
396 1503 543 1574 optulisset.
586 1502 691 1557 Eodem
706 1518 844 1559 consensu
863 1520 891 1574 p.
906 1508 975 1573 265,
999 1509 1035 1563 34
1054 1520 1119 1559 eon-

214 1587 360 1655 6166666,
378 1604 405 1658 p.
423 1590 491 1655 271,
512 1591 545 1644 25
560 1587 736 1640 conditionem
750 1587 841 1658 posui.
887 1587 917 1642 ln
935 1585 1069 1644 dissensu
1087 1587 1119 1643 li·

213 1671 324 1725 brorum
363 1669 525 1740 plerumque
559 1669 718 1725 auctoritati
745 1664 933 1744 16666666)
965 1671 1121 1728 obsecutus

215 1747 258 1825 (e.
276 1768 300 1806 6.
317 1768 345 1823 p.
354 1756 413 1811 259,
429 1755 463 1810 37
477 1751 567 1820 simui,
582 1769 610 1822 p.
625 1757 686 1821 262,
704 1757 738 1811 29
747 1753 896 1825 Dictynna,
908 1758 941 1814 37
955 1756 993 1810 sit
1005 1757 1120 1828 supien-

212 1836 292 1902 tiam,
308 1851 336 1904 p.
353 1838 420 1902 269.
436 1840 470 1900 10
485 1840 665 1904 consuerant,
688 1841 723 1894 28
739 1834 836 1911 affuit)
853 1853 1059 1910 nonnumquam
1080 1846 1120 1896 ln·

212 1933 273 1971 men
292 1917 416 1972 Gudiano
432 1917 636 1973 oboediendum
655 1919 769 1990 putari,
793 1926 822 1974 ut
844 1922 873 1976 in
892 1920 951 1976 bis:
972 1939 1000 1994 p.
1016 1928 1085 1995 257,
1104 1928 1119 1982 7

212 2000 377 2071 adnotatum,
393 2016 421 2070 p.
436 2005 498 2069 258,
517 2004 550 2057 14
562 2000 692 2069 Posthac,
709 2008 743 2061 19
755 2002 881 2075 Laeuius,
898 2022 927 2076 p.
941 2010 1005 2074 259,
1020 2013 1059 2067 18
1074 2023 1119 2062 re·

206 2089 281 2154 peto,
300 2100 328 2155 p.
345 2088 406 2150 260,
424 2089 458 2141 25
471 2087 662 2154 prammutieu,
679 2104 707 2159 p.
721 2091 783 2157 263,
799 2093 833 2147 15
848 2089 938 2158 Eros,
959 2105 988 2160 p.
1002 2095 1069 2161 264,
1086 2095 1119 2151 36

210 2169 369 2238 superiore,
385 2184 413 2238 p.
429 2172 491 2237 265,
505 2175 519 2225 l
534 2169 674 2240 Pasicles,
689 2175 706 2230 3
721 2175 749 2226 et
764 2178 780 2230 5
794 2167 932 2244 Zmyrnae
948 2177 977 2227 ct
990 2171 1119 2246 Zmyrna

211 2245 255 2323 (p.
271 2257 339 2321 259,
357 2256 390 2311 37
415 2249 552 2323 Smyrnae
568 2253 717 2310 Suetonius
733 2255 767 2310 ab
784 2273 814 2311 se
831 2250 922 2329 dedit)
946 2273 974 2328 p.
991 2260 1063 2328 266,
1087 2262 1119 2316 14

211 2335 305 2404 aerbo,
322 2354 349 2408 p.
364 2341 426 2405 269,
441 2340 476 2393 24
493 2334 610 2400 Ostiam,
629 2343 663 2398 32
675 2340 876 2408 imposuerunt,
894 2357 922 2410 p.
938 2343 1001 2409 270,
1019 2345 1057 2402 10
1070 2358 1118 2398 or-

212 2420 352 2491 dearium,
374 2436 402 2490 p·
421 2424 491 2487 272,
513 2425 545 2478 ll
574 2419 726 2491 Verqinius.
770 2420 920 2477 Rarissiruc
944 2422 977 2478 ab
993 2428 1116 2498 nunqua

212 2503 396 2557 recedendum
416 2501 483 2568 luit,
512 2501 584 2555 sicut
605 2519 632 2572 p.
655 2507 722 2572 263,
744 2509 778 2560 22
802 2503 915 2558 Memmi
936 2505 1040 2578 scripsi
1062 2525 1115 2581 pro

209 2582 355 2653 Memmio,
372 2600 401 2654 p.
422 2586 493 2651 270,
510 2589 544 2641 26
558 2583 593 2636 ab
610 2601 664 2655 pro
677 2602 695 2639 a
711 2585 740 2640 O.
775 2587 867 2643 Semel
882 2606 909 2660 p.
925 2595 996 2658 269,
1017 2596 1053 2650 10
1067 2591 1115 2648 ubi

211 2667 281 2722 altar
296 2673 376 2739 atque
390 2664 461 2722 alter
475 2669 501 2719 et
511 2667 675 2737 praebebat,
692 2675 809 2742 uterque
824 2672 912 2741 solus,
925 2673 1113 2731 eFlorentinn

212 2750 335 2806 aditione
355 2756 384 2805 el
394 2746 583 2806 deterioribus
598 2751 679 2808 libris
694 2770 729 2808 ae
746 2754 933 2827 recipiendum
948 2756 1025 2812 duxi.

208 2943 321 2992 similiter
343 2944 370 2994 iu
388 2944 510 2995 Vaticano
528 2946 596 2998 1518
619 2947 725 3012 aliisque
744 2949 814 3002 libris
838 2951 924 3002 insint.
960 2951 1113 3017 Numquae

208 3011 339 3062 Vaticanis
357 3027 457 3078 quoque
474 3014 529 3064 suis
547 3013 659 3067 Achilles
677 3017 772 3068 Statius
789 3019 852 3070 liaeo
867 3019 992 3086 prodidit:
1008 3037 1034 3088 p.
1049 3021 1111 3084 269,

208 3079 239 3130 31
259 3078 362 3130 Seruius
374 3090 434 3144 poet
450 3081 504 3144 boc,
517 3100 543 3150 p.
564 3084 622 3146 261,
640 3085 656 3136 6
675 3090 840 3152 neptepentia,
858 3105 885 3156 p.
905 3087 964 3150 263,
983 3088 1017 3141 16
1033 3088 1112 3141 Stro-

208 3149 301 3210 berino,
319 3164 345 3213 p.
363 3149 422 3211 264,
440 3149 473 3200 33
491 3154 630 3218 Catulinae,
648 3153 682 3206 36
697 3161 835 3218 superiore,
851 3157 885 3208 37
900 3159 990 3220 perite,
1009 3172 1036 3224 p.
1046 3158 1110 3222 269,

208 3216 347 3280 28167617,
366 3234 392 3285 p.
414 3220 474 3281 272,
492 3224 511 3272 4
529 3224 654 3285 caesnas,
676 3226 704 3275 ll
728 3227 869 3290 Verpinius·
1039 3230 1044 3239 ‘

274 3284 322 3347 46)
337 3285 456 3337 Eiusdem
474 3290 531 3340 libri
548 3291 694 3344 auctoritate
713 3308 738 3359 p.
753 3295 811 3354 264,
829 3294 862 3343 25
873 3292 990 3357 Epirota,
1009 3296 1043 3344 27
1053 3299 1110 3346 cta·

207 3356 259 3406 rute
276 3354 376 3417 nititur,
400 3356 452 3408 illic
468 3360 590 3409 vocabulo
609 3367 634 3408 et
653 3362 799 3422 subnotato,
823 3360 863 3410 bic
883 3363 1003 3413 inclaruit
1019 3379 1035 3415 a
1051 3379 1111 3416 cor·

206 3429 304 3474 rectore
319 3424 419 3492 scripto.
457 3428 519 3478 item
532 3442 558 3493 p.
578 3427 643 3488 270,
661 3429 694 3478 25
711 3429 813 3490 Epidio
827 3430 910 3496 prima
926 3444 1004 3481 marm
1022 3441 1073 3488 eat.

939 3746 1037 3834 ι
