2286 3862
72 235 78 243 -
96 195 136 254 54
181 202 211 250 c.
226 197 377 249 suurom
393 158 522 253 ranno.
538 193 585 240 nu
601 192 683 239 vrrs
701 188 885 238 causam
902 187 974 235 mu.
989 187 1032 234 11.

96 360 152 420 tori
178 353 334 432 delegabat
353 350 480 426 urbano,
506 366 541 408 ac
561 346 781 427 provincialium
801 342 1007 405 consularibus
1035 344 1116 424 viris,

99 461 172 524 quos
188 438 318 516 singulos
337 436 474 514 cuiusque
490 432 659 513 provinciae
676 429 802 508 negotiis
818 428 1062 509 praeposuisset.

55 546 91 601 34
181 526 278 601 Leges
295 522 461 581 retractavit
477 526 507 577 et
518 516 654 597 quasdam
671 534 709 575 ex
726 517 840 593 integro
856 513 970 591 sanxit,
986 521 1024 573 ut
1041 531 1115 574 sum-

98 611 238 694 ptuariam
258 604 338 666 etde
354 603 503 665 adulteriis
519 610 549 661 et
563 601 599 662 de
615 601 766 681 pudicitia,
788 599 824 659 de
846 595 973 674 ambitu,
999 597 1045 658 de
1061 618 1113 661 mu·

97 694 215 757 ritandis
232 688 389 752 ordinibus.
421 687 503 748 llanc
527 703 590 746 cum
605 685 751 765 aliquanto
770 684 901 745 severius
917 699 1012 761 quam
1037 694 1122 745 cetea

97 800 145 842 ras
167 775 364 850 emendasset,
384 791 453 852 prae
475 770 594 831 tumultu
616 770 809 831 recusantium
830 766 968 848 perferre
983 786 1053 831 non
1070 786 1109 850 pc

98 868 164 940 tuit,
185 863 239 920 nisi
261 858 393 936 adempta
414 857 524 917 demum
547 856 673 917 lenitaue
694 862 777 935 parte
793 869 953 935 poenarum
977 861 1012 914 et
1032 872 1114 915 vaca·

98 950 177 1008 tione
195 945 298 1004 trienni
317 943 381 1003 data
393 943 542 1021 auctisque
555 941 700 1020 praemiis.
726 939 775 1000 Sic
788 954 904 1018 quoque
916 937 1117 1000 abolitionem

98 1033 160 1092 eius
171 1029 289 1110 publico
306 1026 475 1107 spectaculo
487 1026 676 1105 pertinaciter
687 1023 852 1104 postulante
866 1023 980 1101 equite,
996 1026 1117 1085 accitos

97 1114 261 1178 Germanici
275 1112 385 1172 liberos
400 1118 598 1190 receptosque
613 1110 716 1188 partim
738 1107 773 1169 ad
793 1126 826 1168 se
847 1107 953 1186 partim
970 1108 1002 1167 in
1024 1110 1139 1188 putrisn

97 1200 236 1279 gremium
251 1197 416 1273 ostentavit,
432 1213 516 1254 manu
530 1193 666 1273 vultuque
682 1194 849 1270 significans
859 1209 896 1252 ne
912 1201 1117 1270 gravarentur

97 1284 200 1345 imitari
214 1281 327 1341 iuvenis
343 1279 517 1359 exemplum.
555 1276 683 1358 Cumque
701 1278 787 1338 etiam
808 1278 1007 1337 inmaturitate
1024 1295 1115 1357 spon·

98 1386 191 1429 sarum
213 1374 242 1426 et
261 1364 504 1426 matrimoniorum
528 1363 632 1424 crebra
656 1363 813 1423 mutatione
839 1361 897 1420 vim
924 1360 1011 1440 legis
1038 1361 1115 1423 eludi

99 1455 237 1529 sentiret,
254 1460 367 1530 tempus
384 1466 509 1529 sponsas
523 1447 648 1509 habendi
665 1447 822 1523 coartavit,
843 1444 981 1506 divortiis
994 1446 1115 1541 modum

97 1540 135 1598 im
159 1538 243 1598 osuit.
1122 1544 1140 1585 ¹³

55 1629 88 1684 ³5
137 1557 333 1682 pSenatorum
347 1619 512 1679 abluentem
524 1635 670 1677 numerum
685 1617 807 1676 deformi
821 1623 850 1676 et
861 1615 1012 1677 incondita
1029 1617 1114 1678 turba

100 1709 199 1788 (erant
213 1706 288 1764 enim
309 1721 397 1782 super
418 1702 512 1779 mille,
533 1710 563 1760 et
583 1700 696 1779 qnidam
715 1700 905 1779 indignissimi
926 1708 1048 1781 etpost
1064 1719 1111 1763 ne·

99 1807 162 1849 cem
178 1786 314 1847 Caesaris
329 1805 383 1863 per
394 1788 516 1863 gratiam
535 1793 565 1845 et
579 1786 736 1863 praemium
750 1785 870 1863 adlecti,
895 1801 972 1864 quos
988 1787 1112 1847 orciuos

97 1873 202 1950 vulgus
219 1868 359 1945 vocabat)
376 1868 541 1929 admodum
560 1869 710 1947 pristinum
731 1879 760 1930 et
779 1869 968 1949 splendorem
991 1870 1114 1950 redegit

97 1955 207 2017 duabus
222 1951 412 2013 lectionibus:
427 1954 518 2032 prima
534 1955 663 2033 ipsorum
679 1954 836 2032 arbitratu,
864 1971 920 2034 quo
944 1955 993 2015 vir
1016 1956 1138 2016 vburua

96 2039 186 2118 legit,
208 2037 335 2097 secunda
360 2054 412 2097 suo
436 2046 464 2097 et
489 2038 656 2118 Agrippam
683 2057 740 2118 quo
765 2048 899 2119 tempore
925 2039 1113 2100 existimatur

95 2123 188 2184 lorica
210 2121 263 2181 sub
286 2130 369 2182 veste
390 2122 513 2183 munitus
536 2124 676 2203 ferroque
701 2126 812 2184 cinctus
828 2123 1036 2203 praesedisse,
1064 2122 1111 2185 de

97 2226 160 2269 cem
184 2208 388 2268 valentissimis
410 2210 550 2269 senatorii
570 2208 677 2269 ordinis
698 2210 798 2271 amicis
819 2208 921 2268 sellam
945 2224 1032 2269 suam
1057 2210 1111 2270 cir·

97 2292 313 2354 cumstantibns.
359 2291 472 2353 Cordus
489 2292 651 2354 Cremutius
668 2294 782 2371 scribit,
804 2311 841 2354 ne
863 2292 1023 2353 admissum
1048 2293 1110 2373 qui·

96 2378 160 2439 dem
184 2386 251 2437 tnnc
270 2395 441 2458 quemquam
463 2387 627 2438 senatorum
648 2379 702 2438 nisi
723 2377 816 2439 solum
837 2385 866 2436 et
888 2386 1138 2458 praetemptatoa

96 2465 169 2523 sinu.
216 2462 363 2537 Quosdam
379 2461 415 2521 ad
432 2461 589 2522 excusandi
605 2480 637 2521 se
655 2463 859 2523 verecundiam
880 2462 1024 2541 compulit
1048 2480 1110 2524 ser·

95 2547 232 2624 vavitque
249 2548 334 2606 etiam
348 2547 495 2605 excusatis
509 2547 622 2622 insigne
639 2548 729 2607 vestis
745 2556 774 2606 et
789 2545 941 2627 spectandi
956 2546 986 2606 in
1001 2546 1109 2608 orche-

94 2638 154 2689 stra
177 2631 370 2708 epulandique
393 2627 510 2707 publice
531 2630 585 2689 ius.
634 2630 698 2705 Quo
719 2639 813 2691 autem
835 2631 904 2690 lecti
926 2630 1110 2710 probatique

95 2722 124 2773 et
139 2713 309 2791 religiosius
326 2722 356 2773 et
369 2713 480 2773 minore
497 2713 632 2775 molestia
649 2716 795 2776 senatoria
811 2733 928 2776 munera
944 2714 1108 2794 iungeren-

93 2805 156 2872 tur,
181 2798 290 2875 sanxit,
315 2806 345 2856 ut
360 2798 438 2877 prius
454 2814 539 2875 qnam
555 2798 721 2863 consideret
737 2801 860 2880 quisque
875 2809 938 2860 ture
960 2817 998 2861 ac
1021 2817 1138 2861 meroao

93 2880 274 2960 supplicaret
290 2881 365 2960 apud
383 2900 461 2943 aram
476 2883 538 2941 eius
553 2883 616 2961 dei,
640 2884 668 2943 in
687 2885 767 2944 cuius
782 2884 892 2964 templo
909 2885 1060 2963 coiretur,
1079 2893 1109 2946 et

92 2984 130 3025 ne
146 2964 211 3043 plus
228 2984 312 3044 quam
328 2965 373 3026 bis
390 2967 419 3025 in
439 2984 539 3027 mense
557 2967 703 3045 legitimus
727 2978 845 3031 senatus
859 2977 1014 3049 ageretur,
1036 2968 1107 3030 Kal.

94 3059 123 3110 et
147 3048 261 3126 Idibus,
289 3069 364 3110 neve
392 3051 557 3131 Septembri
579 3052 738 3113 Octobriue
765 3072 864 3115 mense
890 3053 967 3114 ullos
995 3053 1107 3116 adesse

93 3133 167 3194 alios
189 3153 312 3195 necesse
336 3145 416 3195 esset
436 3155 520 3215 quam
543 3147 622 3199 sorte
645 3138 764 3216 ductos,
787 3157 841 3218 per
861 3155 981 3217 quorum
1005 3157 1106 3200 nnme-

92 3237 155 3278 rum
171 3219 289 3280 decreta
305 3220 411 3280 confici
425 3231 560 3299 possent;
584 3222 697 3302 sibique
721 3223 840 3284 instituit
863 3223 986 3284 consilia
1004 3222 1139 3284 sortiriat

93 3305 279 3381 semenstris,
303 3323 366 3364 cum
390 3304 493 3384 quibus
514 3305 550 3365 de
566 3309 692 3384 negotiis
714 3308 750 3369 ad
771 3309 953 3386 frequentem
969 3317 1106 3370 senatum

91 3386 255 3450 referendis
274 3398 339 3450 ante
355 3393 502 3450 tractaret.
541 3391 706 3453 Sententiae
725 3392 760 3452 de
782 3394 890 3453 maiore
903 3393 1028 3470 negotio
1044 3409 1106 3455 nou

141 3490 172 3532 re
189 3482 275 3553 atque
291 3474 393 3535 ordine
406 3474 459 3535 sed
475 3484 560 3553 prout
575 3475 706 3537 libuisset
722 3477 916 3557 perrogabat,
931 3485 962 3536 ut
977 3477 1106 3558 perinde
