<?xml version="1.0" encoding="UTF-8"?>
<!DOCTYPE html PUBLIC "-//W3C//DTD XHTML 1.0 Transitional//EN"
    "http://www.w3.org/TR/xhtml1/DTD/xhtml1-transitional.dtd">
<html xmlns="http://www.w3.org/1999/xhtml" xml:lang="en" lang="en">
 <head>
  <title>
</title>
<meta http-equiv="Content-Type" content="text/html;charset=utf-8" />
  <meta name='ocr-system' content='tesseract 3.04.00' />
  <meta name='ocr-capabilities' content='ocr_page ocr_carea ocr_par ocr_line ocrx_word'/>
</head>
<body>
  <div class='ocr_page' id='page_1' title='image "./csuetonitranqui00trangoog_0016.png"; bbox 0 0 2334 3870; ppageno 0'>
   <div class='ocr_carea' id='block_1_1' title="bbox 412 206 963 254">
    <p class='ocr_par' dir='ltr' id='par_1_1' title="bbox 412 206 963 254">
     <span class='ocr_line' id='line_1_1' title="bbox 412 206 963 254; baseline -0.004 -1"><span class='ocrx_word' id='word_1_1' title='bbox 412 206 621 254; x_wconf 76' lang='lat' dir='ltr'><strong>PRAEFATIO.</strong></span> <span class='ocrx_word' id='word_1_2' title='bbox 926 207 963 252; x_wconf 78' lang='lat' dir='ltr'><strong>ix</strong></span> 
     </span>
    </p>
   </div>
   <div class='ocr_carea' id='block_1_2' title="bbox 51 364 1120 1355">
    <p class='ocr_par' dir='ltr' id='par_1_2' title="bbox 51 364 964 853">
     <span class='ocr_line' id='line_1_2' title="bbox 51 364 961 440; baseline -0.004 -17"><span class='ocrx_word' id='word_1_3' title='bbox 51 374 144 440; x_wconf 79' lang='lat' dir='ltr'><strong>peret,</strong></span> <span class='ocrx_word' id='word_1_4' title='bbox 166 369 322 423; x_wconf 81' lang='lat' dir='ltr'><strong><em>etiamnunc</em></strong></span> <span class='ocrx_word' id='word_1_5' title='bbox 336 369 484 435; x_wconf 82' lang='lat' dir='ltr'><strong>vetantem,</strong></span> <span class='ocrx_word' id='word_1_6' title='bbox 506 365 578 421; x_wconf 80' lang='lat' dir='ltr'><strong>satis</strong></span> <span class='ocrx_word' id='word_1_7' title='bbox 595 366 673 421; x_wconf 80' lang='lat' dir='ltr'><strong>elcre</strong></span> <span class='ocrx_word' id='word_1_8' title='bbox 694 380 870 435; x_wconf 77' lang='lat' dir='ltr'><strong>cognoscere</strong></span> <span class='ocrx_word' id='word_1_9' title='bbox 895 364 961 421; x_wconf 89' lang='lat' dir='ltr'><strong>milri</strong></span> 
     </span>
     <span class='ocr_line' id='line_1_3' title="bbox 55 449 962 521; baseline -0.004 -13"><span class='ocrx_word' id='word_1_10' title='bbox 55 452 172 521; x_wconf 86' lang='lat' dir='ltr'><strong>videor,</strong></span> <span class='ocrx_word' id='word_1_11' title='bbox 189 452 261 508; x_wconf 87' lang='lat' dir='ltr'><strong>haud</strong></span> <span class='ocrx_word' id='word_1_12' title='bbox 276 451 316 507; x_wconf 88' lang='lat' dir='ltr'><strong>ita</strong></span> <span class='ocrx_word' id='word_1_13' title='bbox 327 450 466 505; x_wconf 83' lang='lat' dir='ltr'><strong>benevole</strong></span> <span class='ocrx_word' id='word_1_14' title='bbox 484 449 593 520; x_wconf 89' lang='lat' dir='ltr'><strong>quidem</strong></span> <span class='ocrx_word' id='word_1_15' title='bbox 610 450 736 506; x_wconf 76' lang='lat' dir='ltr'>sensisse</span> <span class='ocrx_word' id='word_1_16' title='bbox 752 449 787 504; x_wconf 91' lang='lat' dir='ltr'><strong>de</strong></span> <span class='ocrx_word' id='word_1_17' title='bbox 802 449 962 519; x_wconf 79' lang='lat' dir='ltr'>Tranquillo</span> 
     </span>
     <span class='ocr_line' id='line_1_4' title="bbox 53 533 963 606; baseline -0.004 -16"><span class='ocrx_word' id='word_1_18' title='bbox 53 538 236 606; x_wconf 71' lang='lat' dir='ltr'>Frontonem,</span> <span class='ocrx_word' id='word_1_19' title='bbox 265 535 316 590; x_wconf 89' lang='lat' dir='ltr'><strong>sed</strong></span> <span class='ocrx_word' id='word_1_20' title='bbox 336 533 445 588; x_wconf 83' lang='lat' dir='ltr'><strong>Marcus</strong></span> <span class='ocrx_word' id='word_1_21' title='bbox 467 534 552 588; x_wconf 88' lang='lat' dir='ltr'><strong>credo</strong></span> <span class='ocrx_word' id='word_1_22' title='bbox 574 533 703 589; x_wconf 88' lang='lat' dir='ltr'><strong>iniuriam</strong></span> <span class='ocrx_word' id='word_1_23' title='bbox 726 535 759 590; x_wconf 90' lang='lat' dir='ltr'><strong>ab</strong></span> <span class='ocrx_word' id='word_1_24' title='bbox 785 549 837 588; x_wconf 84' lang='lat' dir='ltr'><strong>avo</strong></span> <span class='ocrx_word' id='word_1_25' title='bbox 859 533 963 589; x_wconf 86' lang='lat' dir='ltr'><strong>illatam</strong></span> 
     </span>
     <span class='ocr_line' id='line_1_5' title="bbox 56 615 963 691; baseline -0.004 -17"><span class='ocrx_word' id='word_1_26' title='bbox 56 619 185 691; x_wconf 76' lang='lat' dir='ltr'><strong>cupidior</strong></span> <span class='ocrx_word' id='word_1_27' title='bbox 203 619 256 674; x_wconf 85' lang='lat' dir='ltr'><strong>tuit</strong></span> <span class='ocrx_word' id='word_1_28' title='bbox 272 617 421 688; x_wconf 84' lang='lat' dir='ltr'><strong>reparandi</strong></span> <span class='ocrx_word' id='word_1_29' title='bbox 437 633 516 687; x_wconf 79' lang='lat' dir='ltr'><strong>quarn</strong></span> <span class='ocrx_word' id='word_1_30' title='bbox 531 617 719 672; x_wconf 80' lang='lat' dir='ltr'><strong>continuandi.</strong></span> <span class='ocrx_word' id='word_1_31' title='bbox 755 616 863 672; x_wconf 81' lang='lat' dir='ltr'><strong>Licebit</strong></span> <span class='ocrx_word' id='word_1_32' title='bbox 877 615 963 686; x_wconf 83' lang='lat' dir='ltr'><strong>igilur</strong></span> 
     </span>
     <span class='ocr_line' id='line_1_6' title="bbox 56 699 964 772; baseline -0.007 -15"><span class='ocrx_word' id='word_1_33' title='bbox 56 702 235 769; x_wconf 77' lang='lat' dir='ltr'><strong>existimare,</strong></span> <span class='ocrx_word' id='word_1_34' title='bbox 261 717 316 755; x_wconf 90' lang='lat' dir='ltr'><strong>non</strong></span> <span class='ocrx_word' id='word_1_35' title='bbox 334 700 459 755; x_wconf 87' lang='lat' dir='ltr'><strong>defuisse</strong></span> <span class='ocrx_word' id='word_1_36' title='bbox 480 699 583 770; x_wconf 88' lang='lat' dir='ltr'><strong>optimo</strong></span> <span class='ocrx_word' id='word_1_37' title='bbox 600 701 660 754; x_wconf 90' lang='lat' dir='ltr'><strong>seni</strong></span> <span class='ocrx_word' id='word_1_38' title='bbox 681 717 732 772; x_wconf 85' lang='lat' dir='ltr'><strong>per</strong></span> <span class='ocrx_word' id='word_1_39' title='bbox 751 707 902 756; x_wconf 83' lang='lat' dir='ltr'><strong>extremam</strong></span> <span class='ocrx_word' id='word_1_40' title='bbox 918 716 964 754; x_wconf 90' lang='lat' dir='ltr'><strong>se-</strong></span> 
     </span>
     <span class='ocr_line' id='line_1_7' title="bbox 56 783 557 853; baseline -0.006 -15"><span class='ocrx_word' id='word_1_41' title='bbox 56 792 197 841; x_wconf 88' lang='lat' dir='ltr'><strong>neclutem</strong></span> <span class='ocrx_word' id='word_1_42' title='bbox 212 783 330 853; x_wconf 78' lang='lat' dir='ltr'><strong>gratiam</strong></span> <span class='ocrx_word' id='word_1_43' title='bbox 344 783 557 839; x_wconf 78' lang='lat' dir='ltr'><strong>Antoninorum.</strong></span> 
     </span>
    </p>

    <p class='ocr_par' dir='ltr' id='par_1_3' title="bbox 53 864 965 1274">
     <span class='ocr_line' id='line_1_8' title="bbox 121 864 963 937; baseline 0.002 -16"><span class='ocrx_word' id='word_1_44' title='bbox 121 868 162 922; x_wconf 87' lang='lat' dir='ltr'><strong>De</strong></span> <span class='ocrx_word' id='word_1_45' title='bbox 182 867 335 937; x_wconf 87' lang='lat' dir='ltr'><strong>scriptis</strong></span> <span class='ocrx_word' id='word_1_46' title='bbox 352 865 480 922; x_wconf 87' lang='lat' dir='ltr'><strong>Suetonii</strong></span> <span class='ocrx_word' id='word_1_47' title='bbox 499 864 679 936; x_wconf 85' lang='lat' dir='ltr'><strong>expositurus</strong></span> <span class='ocrx_word' id='word_1_48' title='bbox 698 882 758 920; x_wconf 89' lang='lat' dir='ltr'><strong>eum</strong></span> <span class='ocrx_word' id='word_1_49' title='bbox 777 869 901 922; x_wconf 81' lang='lat' dir='ltr'><strong>ordinem</strong></span> <span class='ocrx_word' id='word_1_50' title='bbox 917 884 963 923; x_wconf 86' lang='lat' dir='ltr'><strong>se-</strong></span> 
     </span>
     <span class='ocr_line' id='line_1_9' title="bbox 57 950 963 1024; baseline -0.001 -19"><span class='ocrx_word' id='word_1_51' title='bbox 57 967 142 1021; x_wconf 80' lang='lat' dir='ltr'><strong>quar,</strong></span> <span class='ocrx_word' id='word_1_52' title='bbox 160 959 189 1005; x_wconf 92' lang='lat' dir='ltr'><strong>ut</strong></span> <span class='ocrx_word' id='word_1_53' title='bbox 212 951 328 1021; x_wconf 90' lang='lat' dir='ltr'><strong>primum</strong></span> <span class='ocrx_word' id='word_1_54' title='bbox 350 952 385 1006; x_wconf 92' lang='lat' dir='ltr'><strong>de</strong></span> <span class='ocrx_word' id='word_1_55' title='bbox 407 951 443 1005; x_wconf 90' lang='lat' dir='ltr'><strong>iis</strong></span> <span class='ocrx_word' id='word_1_56' title='bbox 460 950 550 1005; x_wconf 90' lang='lat' dir='ltr'><strong>dicam</strong></span> <span class='ocrx_word' id='word_1_57' title='bbox 573 965 645 1019; x_wconf 89' lang='lat' dir='ltr'><strong>quae</strong></span> <span class='ocrx_word' id='word_1_58' title='bbox 667 956 829 1024; x_wconf 74' lang='lat' dir='ltr'><strong>superseri,</strong></span> <span class='ocrx_word' id='word_1_59' title='bbox 849 951 912 1004; x_wconf 91' lang='lat' dir='ltr'><strong>dein</strong></span> <span class='ocrx_word' id='word_1_60' title='bbox 928 951 963 1004; x_wconf 91' lang='lat' dir='ltr'><strong>de</strong></span> 
     </span>
     <span class='ocr_line' id='line_1_10' title="bbox 55 1032 963 1104; baseline -0.003 -14"><span class='ocrx_word' id='word_1_61' title='bbox 55 1033 175 1090; x_wconf 84' lang='lat' dir='ltr'><strong>amissis.</strong></span> <span class='ocrx_word' id='word_1_62' title='bbox 213 1033 319 1088; x_wconf 86' lang='lat' dir='ltr'><strong>Prioris</strong></span> <span class='ocrx_word' id='word_1_63' title='bbox 333 1034 449 1104; x_wconf 82' lang='lat' dir='ltr'><strong>generis</strong></span> <span class='ocrx_word' id='word_1_64' title='bbox 466 1034 521 1088; x_wconf 90' lang='lat' dir='ltr'><strong>duo</strong></span> <span class='ocrx_word' id='word_1_65' title='bbox 538 1038 620 1101; x_wconf 81' lang='lat' dir='ltr'><strong>sunl,</strong></span> <span class='ocrx_word' id='word_1_66' title='bbox 638 1032 688 1087; x_wconf 91' lang='lat' dir='ltr'><strong>scd</strong></span> <span class='ocrx_word' id='word_1_67' title='bbox 704 1049 738 1086; x_wconf 92' lang='lat' dir='ltr'><strong>ne</strong></span> <span class='ocrx_word' id='word_1_68' title='bbox 754 1049 787 1088; x_wconf 89' lang='lat' dir='ltr'><strong>aa</strong></span> <span class='ocrx_word' id='word_1_69' title='bbox 804 1033 913 1102; x_wconf 87' lang='lat' dir='ltr'><strong>quidem</strong></span> <span class='ocrx_word' id='word_1_70' title='bbox 930 1034 963 1087; x_wconf 88' lang='lat' dir='ltr'><strong>ab</strong></span> 
     </span>
     <span class='ocr_line' id='line_1_11' title="bbox 54 1115 965 1188; baseline -0.007 -14"><span class='ocrx_word' id='word_1_71' title='bbox 54 1118 129 1174; x_wconf 90' lang='lat' dir='ltr'><strong>omni</strong></span> <span class='ocrx_word' id='word_1_72' title='bbox 146 1124 225 1188; x_wconf 86' lang='lat' dir='ltr'><strong>parte</strong></span> <span class='ocrx_word' id='word_1_73' title='bbox 242 1117 371 1187; x_wconf 82' lang='lat' dir='ltr'><strong>integra;</strong></span> <span class='ocrx_word' id='word_1_74' title='bbox 393 1135 455 1173; x_wconf 89' lang='lat' dir='ltr'><strong>nam</strong></span> <span class='ocrx_word' id='word_1_75' title='bbox 472 1118 507 1173; x_wconf 91' lang='lat' dir='ltr'><strong>de</strong></span> <span class='ocrx_word' id='word_1_76' title='bbox 526 1117 584 1173; x_wconf 82' lang='lat' dir='ltr'><strong>vita</strong></span> <span class='ocrx_word' id='word_1_77' title='bbox 602 1116 751 1172; x_wconf 80' lang='lat' dir='ltr'><strong>Caesarum</strong></span> <span class='ocrx_word' id='word_1_78' title='bbox 775 1116 840 1172; x_wconf 87' lang='lat' dir='ltr'><strong>libri</strong></span> <span class='ocrx_word' id='word_1_79' title='bbox 858 1115 965 1187; x_wconf 89' lang='lat' dir='ltr'><strong>princi-</strong></span> 
     </span>
     <span class='ocr_line' id='line_1_12' title="bbox 53 1200 933 1274; baseline -0.006 -17"><span class='ocrx_word' id='word_1_80' title='bbox 53 1203 104 1274; x_wconf 90' lang='lat' dir='ltr'><strong>pio</strong></span> <span class='ocrx_word' id='word_1_81' title='bbox 120 1207 231 1270; x_wconf 84' lang='lat' dir='ltr'><strong>carent,</strong></span> <span class='ocrx_word' id='word_1_82' title='bbox 253 1201 365 1258; x_wconf 88' lang='lat' dir='ltr'><strong>libellus</strong></span> <span class='ocrx_word' id='word_1_83' title='bbox 386 1203 421 1256; x_wconf 94' lang='lat' dir='ltr'><strong>de</strong></span> <span class='ocrx_word' id='word_1_84' title='bbox 438 1200 628 1257; x_wconf 74' lang='lat' dir='ltr'><strong>Grammaticis</strong></span> <span class='ocrx_word' id='word_1_85' title='bbox 644 1206 672 1255; x_wconf 90' lang='lat' dir='ltr'><strong>et</strong></span> <span class='ocrx_word' id='word_1_86' title='bbox 687 1201 849 1256; x_wconf 80' lang='lat' dir='ltr'><strong>rhetoribus</strong></span> <span class='ocrx_word' id='word_1_87' title='bbox 870 1201 933 1254; x_wconf 83' lang='lat' dir='ltr'><strong>fine.</strong></span> 
     </span>
    </p>

    <p class='ocr_par' dir='ltr' id='par_1_4' title="bbox 118 1283 1120 1355">
     <span class='ocr_line' id='line_1_13' title="bbox 118 1283 1120 1355; baseline -0.004 -15"><span class='ocrx_word' id='word_1_88' title='bbox 118 1286 164 1340; x_wconf 90' lang='lat' dir='ltr'><strong>De</strong></span> <span class='ocrx_word' id='word_1_89' title='bbox 185 1286 260 1340; x_wconf 86' lang='lat' dir='ltr'><strong>vita</strong></span> <span class='ocrx_word' id='word_1_90' title='bbox 291 1283 486 1342; x_wconf 78' lang='lat' dir='ltr'><strong>Caesarum</strong></span> <span class='ocrx_word' id='word_1_91' title='bbox 507 1286 596 1341; x_wconf 91' lang='lat' dir='ltr'><strong>libros</strong></span> <span class='ocrx_word' id='word_1_92' title='bbox 621 1291 685 1340; x_wconf 93' lang='lat' dir='ltr'><strong>octo</strong></span> <span class='ocrx_word' id='word_1_93' title='bbox 710 1284 852 1342; x_wconf 88' lang='lat' dir='ltr'><strong>Hadriano</strong></span> <span class='ocrx_word' id='word_1_94' title='bbox 875 1284 1004 1355; x_wconf 75' lang='lat' dir='ltr'><strong>impe-⁰⁰</strong></span> <span class='ocrx_word' id='word_1_95' title='bbox 1019 1283 1120 1325; x_wconf 66' lang='lat' dir='ltr'><strong>¹1¹wa</strong></span> 
     </span>
    </p>
   </div>
   <div class='ocr_carea' id='block_1_3' title="bbox 54 1334 1122 1439">
    <p class='ocr_par' dir='ltr' id='par_1_5' title="bbox 54 1334 1122 1439">
     <span class='ocr_line' id='line_1_14' title="bbox 54 1334 1122 1439; baseline 0 -15"><span class='ocrx_word' id='word_1_96' title='bbox 54 1375 135 1425; x_wconf 89' lang='lat' dir='ltr'><strong>rante</strong></span> <span class='ocrx_word' id='word_1_97' title='bbox 152 1369 242 1423; x_wconf 91' lang='lat' dir='ltr'><strong>editos</strong></span> <span class='ocrx_word' id='word_1_98' title='bbox 265 1386 345 1436; x_wconf 73' lang='lat' dir='ltr'><strong>esse,</strong></span> <span class='ocrx_word' id='word_1_99' title='bbox 368 1369 422 1423; x_wconf 89' lang='lat' dir='ltr'><strong>iam</strong></span> <span class='ocrx_word' id='word_1_100' title='bbox 438 1370 504 1422; x_wconf 91' lang='lat' dir='ltr'><strong>olim</strong></span> <span class='ocrx_word' id='word_1_101' title='bbox 527 1386 542 1422; x_wconf 91' lang='lat' dir='ltr'><strong>e</strong></span> <span class='ocrx_word' id='word_1_102' title='bbox 561 1368 634 1422; x_wconf 85' lang='lat' dir='ltr'><strong>locis</strong></span> <span class='ocrx_word' id='word_1_103' title='bbox 648 1386 676 1439; x_wconf 89' lang='lat' dir='ltr'><strong>p.</strong></span> <span class='ocrx_word' id='word_1_104' title='bbox 695 1374 764 1439; x_wconf 74' lang='lat'><strong>254,</strong></span> <span class='ocrx_word' id='word_1_105' title='bbox 787 1376 804 1428; x_wconf 84' lang='lat'>8</span> <span class='ocrx_word' id='word_1_106' title='bbox 826 1374 854 1423; x_wconf 87' lang='lat' dir='ltr'><strong>el</strong></span> <span class='ocrx_word' id='word_1_107' title='bbox 868 1373 912 1438; x_wconf 80' lang='lat'><strong>40,</strong></span> <span class='ocrx_word' id='word_1_108' title='bbox 928 1347 1046 1428; x_wconf 48' lang='lat' dir='ltr'><strong>ttzmffd</strong></span> <span class='ocrx_word' id='word_1_109' title='bbox 1061 1334 1122 1425; x_wconf 56' lang='lat' dir='ltr'><strong>diiii-¹</strong></span> 
     </span>
    </p>
   </div>
   <div class='ocr_carea' id='block_1_4' title="bbox 56 1450 965 1599">
    <p class='ocr_par' dir='ltr' id='par_1_6' title="bbox 56 1450 965 1599">
     <span class='ocr_line' id='line_1_15' title="bbox 56 1450 964 1519; baseline 0.002 -15"><span class='ocrx_word' id='word_1_110' title='bbox 56 1450 229 1505; x_wconf 85' lang='lat' dir='ltr'><strong>intellectum</strong></span> <span class='ocrx_word' id='word_1_111' title='bbox 248 1456 308 1510; x_wconf 87' lang='lat' dir='ltr'><strong>est;</strong></span> <span class='ocrx_word' id='word_1_112' title='bbox 328 1450 379 1502; x_wconf 90' lang='lat' dir='ltr'><strong>sed</strong></span> <span class='ocrx_word' id='word_1_113' title='bbox 399 1450 513 1501; x_wconf 82' lang='lat' dir='ltr'><strong>invento</strong></span> <span class='ocrx_word' id='word_1_114' title='bbox 531 1451 637 1501; x_wconf 91' lang='lat' dir='ltr'><strong>demum</strong></span> <span class='ocrx_word' id='word_1_115' title='bbox 650 1451 718 1515; x_wconf 69' lang='lat' dir='ltr'><strong>Lydi</strong></span> <span class='ocrx_word' id='word_1_116' title='bbox 738 1453 830 1518; x_wconf 80' lang='lat' dir='ltr'><strong>libro,</strong></span> <span class='ocrx_word' id='word_1_117' title='bbox 851 1452 898 1519; x_wconf 87' lang='lat' dir='ltr'><strong>qui</strong></span> <span class='ocrx_word' id='word_1_118' title='bbox 920 1459 964 1506; x_wconf 89' lang='lat' dir='ltr'><strong>est</strong></span> 
     </span>
     <span class='ocr_line' id='line_1_16' title="bbox 58 1527 965 1599; baseline -0.001 -12"><span class='ocrx_word' id='word_1_119' title='bbox 58 1531 94 1587; x_wconf 92' lang='lat' dir='ltr'><strong>de</strong></span> <span class='ocrx_word' id='word_1_120' title='bbox 121 1528 331 1599; x_wconf 73' lang='lat' dir='ltr'><strong>magistratibus</strong></span> <span class='ocrx_word' id='word_1_121' title='bbox 352 1529 550 1595; x_wconf 85' lang='lat' dir='ltr'><strong>Romanorum,</strong></span> <span class='ocrx_word' id='word_1_122' title='bbox 571 1527 687 1580; x_wconf 87' lang='lat' dir='ltr'><strong>Parisiis</strong></span> <span class='ocrx_word' id='word_1_123' title='bbox 713 1529 804 1582; x_wconf 88' lang='lat' dir='ltr'><strong>editus</strong></span> <span class='ocrx_word' id='word_1_124' title='bbox 833 1547 858 1582; x_wconf 85' lang='lat' dir='ltr'><strong>a.</strong></span> <span class='ocrx_word' id='word_1_125' title='bbox 885 1537 965 1599; x_wconf 77' lang='lat'>1812,</span> 
     </span>
    </p>
   </div>
   <div class='ocr_carea' id='block_1_5' title="bbox 55 1610 965 2020">
    <p class='ocr_par' dir='ltr' id='par_1_7' title="bbox 55 1610 965 2020">
     <span class='ocr_line' id='line_1_17' title="bbox 56 1610 964 1684; baseline -0.007 -14"><span class='ocrx_word' id='word_1_126' title='bbox 56 1613 125 1670; x_wconf 90' lang='lat' dir='ltr'><strong>sciri</strong></span> <span class='ocrx_word' id='word_1_127' title='bbox 152 1611 243 1684; x_wconf 90' lang='lat' dir='ltr'><strong>potuit</strong></span> <span class='ocrx_word' id='word_1_128' title='bbox 268 1628 322 1667; x_wconf 90' lang='lat' dir='ltr'><strong>non</strong></span> <span class='ocrx_word' id='word_1_129' title='bbox 347 1611 404 1667; x_wconf 87' lang='lat' dir='ltr'><strong>alio</strong></span> <span class='ocrx_word' id='word_1_130' title='bbox 426 1626 517 1666; x_wconf 86' lang='lat' dir='ltr'><strong>anuo</strong></span> <span class='ocrx_word' id='word_1_131' title='bbox 543 1625 622 1679; x_wconf 82' lang='lat' dir='ltr'><strong>qaam</strong></span> <span class='ocrx_word' id='word_1_132' title='bbox 646 1614 713 1666; x_wconf 78' lang='lat'><strong>120</strong></span> <span class='ocrx_word' id='word_1_133' title='bbox 738 1610 869 1678; x_wconf 82' lang='lat' dir='ltr'><strong>vulgatos</strong></span> <span class='ocrx_word' id='word_1_134' title='bbox 891 1626 964 1664; x_wconf 89' lang='lat' dir='ltr'><strong>esse.</strong></span> 
     </span>
     <span class='ocr_line' id='line_1_18' title="bbox 55 1689 965 1767; baseline -0.007 -13"><span class='ocrx_word' id='word_1_135' title='bbox 55 1698 147 1767; x_wconf 78' lang='lat' dir='ltr'><strong>Lydns</strong></span> <span class='ocrx_word' id='word_1_136' title='bbox 175 1695 262 1764; x_wconf 86' lang='lat' dir='ltr'><strong>enim,</strong></span> <span class='ocrx_word' id='word_1_137' title='bbox 283 1694 503 1751; x_wconf 88' lang='lat' dir='ltr'><strong>studiosissimus</strong></span> <span class='ocrx_word' id='word_1_138' title='bbox 532 1693 684 1764; x_wconf 80' lang='lat' dir='ltr'><strong>Tranquilli</strong></span> <span class='ocrx_word' id='word_1_139' title='bbox 710 1689 816 1764; x_wconf 87' lang='lat' dir='ltr'><strong>(verba</strong></span> <span class='ocrx_word' id='word_1_140' title='bbox 844 1693 965 1763; x_wconf 85' lang='lat' dir='ltr'><strong>repetivi</strong></span> 
     </span>
     <span class='ocr_line' id='line_1_19' title="bbox 56 1776 964 1853; baseline -0.006 -15"><span class='ocrx_word' id='word_1_141' title='bbox 56 1799 85 1853; x_wconf 88' lang='lat' dir='ltr'><strong>p.</strong></span> <span class='ocrx_word' id='word_1_142' title='bbox 106 1785 173 1848; x_wconf 80' lang='lat'><strong>286,</strong></span> <span class='ocrx_word' id='word_1_143' title='bbox 196 1776 227 1853; x_wconf 80' lang='lat'><strong>2)</strong></span> <span class='ocrx_word' id='word_1_144' title='bbox 256 1778 405 1836; x_wconf 85' lang='lat' dir='ltr'><strong>Caesarum</strong></span> <span class='ocrx_word' id='word_1_145' title='bbox 426 1779 498 1834; x_wconf 87' lang='lat' dir='ltr'><strong>vitas</strong></span> <span class='ocrx_word' id='word_1_146' title='bbox 518 1779 624 1834; x_wconf 86' lang='lat' dir='ltr'><strong>dicatas</strong></span> <span class='ocrx_word' id='word_1_147' title='bbox 649 1778 688 1832; x_wconf 86' lang='lat' dir='ltr'><strong>ait</strong></span> <span class='ocrx_word' id='word_1_148' title='bbox 717 1777 853 1848; x_wconf 88' lang='lat' dir='ltr'><strong>Septimio</strong></span> <span class='ocrx_word' id='word_1_149' title='bbox 882 1795 964 1849; x_wconf 88' lang='lat' dir='ltr'><strong>prae-</strong></span> 
     </span>
     <span class='ocr_line' id='line_1_20' title="bbox 57 1862 963 1934; baseline -0.001 -15"><span class='ocrx_word' id='word_1_150' title='bbox 57 1865 132 1919; x_wconf 88' lang='lat' dir='ltr'><strong>iooto</strong></span> <span class='ocrx_word' id='word_1_151' title='bbox 151 1863 306 1918; x_wconf 91' lang='lat' dir='ltr'><strong>cobortium</strong></span> <span class='ocrx_word' id='word_1_152' title='bbox 323 1863 570 1934; x_wconf 86' lang='lat' dir='ltr'><strong>praetorianarum.</strong></span> <span class='ocrx_word' id='word_1_153' title='bbox 616 1862 656 1916; x_wconf 91' lang='lat' dir='ltr'><strong>Eo</strong></span> <span class='ocrx_word' id='word_1_154' title='bbox 673 1862 738 1916; x_wconf 89' lang='lat' dir='ltr'><strong>loco</strong></span> <span class='ocrx_word' id='word_1_155' title='bbox 759 1878 811 1933; x_wconf 91' lang='lat' dir='ltr'><strong>pro</strong></span> <span class='ocrx_word' id='word_1_156' title='bbox 827 1862 963 1933; x_wconf 83' lang='lat' dir='ltr'><strong>Septimio</strong></span> 
     </span>
     <span class='ocr_line' id='line_1_21' title="bbox 57 1946 964 2020; baseline -0.001 -17"><span class='ocrx_word' id='word_1_157' title='bbox 57 1947 210 2020; x_wconf 90' lang='lat' dir='ltr'><strong>Septicium</strong></span> <span class='ocrx_word' id='word_1_158' title='bbox 231 1949 419 2018; x_wconf 90' lang='lat' dir='ltr'><strong>reponendum</strong></span> <span class='ocrx_word' id='word_1_159' title='bbox 439 1963 502 2002; x_wconf 90' lang='lat' dir='ltr'><strong>esse</strong></span> <span class='ocrx_word' id='word_1_160' title='bbox 521 1963 580 2000; x_wconf 92' lang='lat' dir='ltr'><strong>eum</strong></span> <span class='ocrx_word' id='word_1_161' title='bbox 603 1946 637 2000; x_wconf 88' lang='lat' dir='ltr'><strong>de</strong></span> <span class='ocrx_word' id='word_1_162' title='bbox 655 1962 710 2015; x_wconf 88' lang='lat' dir='ltr'><strong>quo</strong></span> <span class='ocrx_word' id='word_1_163' title='bbox 728 1962 811 2016; x_wconf 87' lang='lat' dir='ltr'><strong>supra</strong></span> <span class='ocrx_word' id='word_1_164' title='bbox 833 1946 964 2017; x_wconf 85' lang='lat' dir='ltr'><strong>diximus,</strong></span> 
     </span>
    </p>
   </div>
   <div class='ocr_carea' id='block_1_6' title="bbox 56 2028 964 2351">
    <p class='ocr_par' dir='ltr' id='par_1_8' title="bbox 56 2028 964 2351">
     <span class='ocr_line' id='line_1_22' title="bbox 56 2028 964 2103; baseline 0.002 -18"><span class='ocrx_word' id='word_1_165' title='bbox 56 2033 161 2102; x_wconf 90' lang='lat' dir='ltr'><strong>primus</strong></span> <span class='ocrx_word' id='word_1_166' title='bbox 175 2031 196 2086; x_wconf 81' lang='lat' dir='ltr'><strong>l.</strong></span> <span class='ocrx_word' id='word_1_167' title='bbox 211 2031 242 2085; x_wconf 90' lang='lat' dir='ltr'><strong>D.</strong></span> <span class='ocrx_word' id='word_1_168' title='bbox 253 2031 321 2086; x_wconf 89' lang='lat' dir='ltr'><strong>Fuss</strong></span> <span class='ocrx_word' id='word_1_169' title='bbox 337 2032 364 2085; x_wconf 90' lang='lat' dir='ltr'><strong>in</strong></span> <span class='ocrx_word' id='word_1_170' title='bbox 380 2031 500 2103; x_wconf 89' lang='lat' dir='ltr'><strong>epistola</strong></span> <span class='ocrx_word' id='word_1_171' title='bbox 518 2031 552 2084; x_wconf 90' lang='lat' dir='ltr'><strong>ad</strong></span> <span class='ocrx_word' id='word_1_172' title='bbox 568 2028 680 2086; x_wconf 80' lang='lat' dir='ltr'><strong>tlasium</strong></span> <span class='ocrx_word' id='word_1_173' title='bbox 694 2029 789 2085; x_wconf 88' lang='lat' dir='ltr'><strong>Leodii</strong></span> <span class='ocrx_word' id='word_1_174' title='bbox 807 2037 875 2090; x_wconf 77' lang='lat'>1820</span> <span class='ocrx_word' id='word_1_175' title='bbox 889 2030 964 2087; x_wconf 80' lang='lat' dir='ltr'><strong>edita</strong></span> 
     </span>
     <span class='ocr_line' id='line_1_23' title="bbox 58 2112 964 2181; baseline 0.002 -13"><span class='ocrx_word' id='word_1_176' title='bbox 58 2112 172 2179; x_wconf 81' lang='lat' dir='ltr'><strong>docuit,</strong></span> <span class='ocrx_word' id='word_1_177' title='bbox 191 2117 290 2181; x_wconf 89' lang='lat' dir='ltr'><strong>postea</strong></span> <span class='ocrx_word' id='word_1_178' title='bbox 307 2113 382 2166; x_wconf 89' lang='lat' dir='ltr'><strong>multi</strong></span> <span class='ocrx_word' id='word_1_179' title='bbox 400 2113 525 2167; x_wconf 85' lang='lat' dir='ltr'><strong>certatim</strong></span> <span class='ocrx_word' id='word_1_180' title='bbox 540 2115 777 2179; x_wconf 84' lang='lat' dir='ltr'><strong>demonstrarunt;</strong></span> <span class='ocrx_word' id='word_1_181' title='bbox 793 2132 826 2171; x_wconf 88' lang='lat' dir='ltr'><strong>ac</strong></span> <span class='ocrx_word' id='word_1_182' title='bbox 842 2116 964 2171; x_wconf 80' lang='lat' dir='ltr'><strong>tortasse</strong></span> 
     </span>
     <span class='ocr_line' id='line_1_24' title="bbox 58 2192 963 2266; baseline 0.004 -16"><span class='ocrx_word' id='word_1_183' title='bbox 58 2212 93 2250; x_wconf 91' lang='lat' dir='ltr'><strong>ne</strong></span> <span class='ocrx_word' id='word_1_184' title='bbox 108 2193 237 2266; x_wconf 87' lang='lat' dir='ltr'><strong>peccavit</strong></span> <span class='ocrx_word' id='word_1_185' title='bbox 250 2192 358 2263; x_wconf 90' lang='lat' dir='ltr'><strong>quidem</strong></span> <span class='ocrx_word' id='word_1_186' title='bbox 376 2195 525 2263; x_wconf 76' lang='lat' dir='ltr'><strong>librarius,</strong></span> <span class='ocrx_word' id='word_1_187' title='bbox 548 2212 608 2251; x_wconf 88' lang='lat' dir='ltr'><strong>com</strong></span> <span class='ocrx_word' id='word_1_188' title='bbox 624 2196 691 2264; x_wconf 76' lang='lat' dir='ltr'><strong>Lydi</strong></span> <span class='ocrx_word' id='word_1_189' title='bbox 713 2200 802 2254; x_wconf 81' lang='lat' dir='ltr'><strong>codex</strong></span> <span class='ocrx_word' id='word_1_190' title='bbox 822 2199 963 2254; x_wconf 87' lang='lat' dir='ltr'><strong>Parisinus</strong></span> 
     </span>
     <span class='ocr_line' id='line_1_25' title="bbox 58 2279 964 2351; baseline -0.002 -16"><span class='ocrx_word' id='word_1_191' title='bbox 58 2279 157 2351; x_wconf 87' lang='lat' dir='ltr'><strong>Suppl.</strong></span> <span class='ocrx_word' id='word_1_192' title='bbox 171 2293 267 2348; x_wconf 76' lang='lat' dir='ltr'><strong>graec.</strong></span> <span class='ocrx_word' id='word_1_193' title='bbox 288 2294 315 2333; x_wconf 87' lang='lat' dir='ltr'><strong>n.</strong></span> <span class='ocrx_word' id='word_1_194' title='bbox 332 2283 392 2337; x_wconf 80' lang='lat'><strong>257.</strong></span> <span class='ocrx_word' id='word_1_195' title='bbox 410 2284 464 2333; x_wconf 91' lang='lat' dir='ltr'><strong>tam</strong></span> <span class='ocrx_word' id='word_1_196' title='bbox 480 2279 563 2334; x_wconf 81' lang='lat' dir='ltr'><strong>foede</strong></span> <span class='ocrx_word' id='word_1_197' title='bbox 581 2282 793 2336; x_wconf 85' lang='lat' dir='ltr'><strong>commaculatus</strong></span> <span class='ocrx_word' id='word_1_198' title='bbox 810 2299 842 2336; x_wconf 87' lang='lat' dir='ltr'><strong>ac</strong></span> <span class='ocrx_word' id='word_1_199' title='bbox 858 2281 964 2336; x_wconf 88' lang='lat' dir='ltr'><strong>dilace-</strong></span> 
     </span>
    </p>
   </div>
   <div class='ocr_carea' id='block_1_7' title="bbox 35 2361 1112 3526">
    <p class='ocr_par' dir='ltr' id='par_1_9' title="bbox 57 2361 968 2670">
     <span class='ocr_line' id='line_1_26' title="bbox 57 2361 965 2435; baseline -0.003 -16"><span class='ocrx_word' id='word_1_200' title='bbox 57 2370 133 2420; x_wconf 86' lang='lat' dir='ltr'><strong>ratus</strong></span> <span class='ocrx_word' id='word_1_201' title='bbox 150 2361 203 2432; x_wconf 88' lang='lat' dir='ltr'><strong>sit,</strong></span> <span class='ocrx_word' id='word_1_202' title='bbox 226 2368 256 2416; x_wconf 91' lang='lat' dir='ltr'><strong>ut</strong></span> <span class='ocrx_word' id='word_1_203' title='bbox 273 2378 306 2417; x_wconf 87' lang='lat' dir='ltr'><strong>ea</strong></span> <span class='ocrx_word' id='word_1_204' title='bbox 327 2363 449 2418; x_wconf 87' lang='lat' dir='ltr'><strong>litterula</strong></span> <span class='ocrx_word' id='word_1_205' title='bbox 466 2369 578 2419; x_wconf 87' lang='lat' dir='ltr'><strong>essetne</strong></span> <span class='ocrx_word' id='word_1_206' title='bbox 594 2381 613 2416; x_wconf 83' lang='lat' dir='ltr'><strong>n</strong></span> <span class='ocrx_word' id='word_1_207' title='bbox 629 2380 662 2418; x_wconf 90' lang='lat' dir='ltr'><strong>an</strong></span> <span class='ocrx_word' id='word_1_208' title='bbox 678 2383 698 2435; x_wconf 84' lang='grc' dir='ltr'>μ</span> <span class='ocrx_word' id='word_1_209' title='bbox 714 2364 841 2433; x_wconf 90' lang='lat' dir='ltr'><strong>equidem</strong></span> <span class='ocrx_word' id='word_1_210' title='bbox 857 2363 965 2418; x_wconf 91' lang='lat' dir='ltr'><strong>discer-</strong></span> 
     </span>
     <span class='ocr_line' id='line_1_27' title="bbox 57 2445 965 2519; baseline -0.002 -17"><span class='ocrx_word' id='word_1_211' title='bbox 57 2463 125 2502; x_wconf 87' lang='lat' dir='ltr'><strong>nere</strong></span> <span class='ocrx_word' id='word_1_212' title='bbox 155 2462 209 2501; x_wconf 91' lang='lat' dir='ltr'><strong>non</strong></span> <span class='ocrx_word' id='word_1_213' title='bbox 240 2445 384 2517; x_wconf 88' lang='lat' dir='ltr'><strong>quiverim.</strong></span> <span class='ocrx_word' id='word_1_214' title='bbox 430 2447 456 2502; x_wconf 92' lang='lat' dir='ltr'><strong>ls</strong></span> <span class='ocrx_word' id='word_1_215' title='bbox 487 2447 627 2519; x_wconf 87' lang='lat' dir='ltr'><strong>Septicius</strong></span> <span class='ocrx_word' id='word_1_216' title='bbox 657 2465 717 2503; x_wconf 92' lang='lat' dir='ltr'><strong>cum</strong></span> <span class='ocrx_word' id='word_1_217' title='bbox 746 2463 797 2519; x_wconf 91' lang='lat' dir='ltr'><strong>per</strong></span> <span class='ocrx_word' id='word_1_218' title='bbox 825 2445 965 2502; x_wconf 87' lang='lat' dir='ltr'><strong>biennium</strong></span> 
     </span>
     <span class='ocr_line' id='line_1_28' title="bbox 59 2528 968 2602; baseline 0 -16"><span class='ocrx_word' id='word_1_219' title='bbox 59 2549 83 2586; x_wconf 92' lang='lat' dir='ltr'><strong>a.</strong></span> <span class='ocrx_word' id='word_1_220' title='bbox 100 2536 242 2590; x_wconf 77' lang='lat'>119-121</span> <span class='ocrx_word' id='word_1_221' title='bbox 259 2532 437 2602; x_wconf 85' lang='lat' dir='ltr'><strong>praefectura</strong></span> <span class='ocrx_word' id='word_1_222' title='bbox 453 2532 562 2588; x_wconf 89' lang='lat' dir='ltr'><strong>iunctus</strong></span> <span class='ocrx_word' id='word_1_223' title='bbox 579 2533 631 2602; x_wconf 85' lang='lat' dir='ltr'><strong>sit,</strong></span> <span class='ocrx_word' id='word_1_224' title='bbox 646 2533 699 2587; x_wconf 90' lang='lat' dir='ltr'><strong>iam</strong></span> <span class='ocrx_word' id='word_1_225' title='bbox 715 2532 806 2587; x_wconf 89' lang='lat' dir='ltr'><strong>nullus</strong></span> <span class='ocrx_word' id='word_1_226' title='bbox 822 2528 968 2587; x_wconf 83' lang='lat' dir='ltr'><strong>dubitandi</strong></span> 
     </span>
     <span class='ocr_line' id='line_1_29' title="bbox 57 2614 340 2670; baseline -0.007 -1"><span class='ocrx_word' id='word_1_227' title='bbox 57 2615 137 2670; x_wconf 88' lang='lat' dir='ltr'><strong>locos</strong></span> <span class='ocrx_word' id='word_1_228' title='bbox 156 2614 272 2670; x_wconf 88' lang='lat' dir='ltr'><strong>relictus</strong></span> <span class='ocrx_word' id='word_1_229' title='bbox 289 2622 340 2669; x_wconf 90' lang='lat' dir='ltr'><strong>est.</strong></span> 
     </span>
    </p>

    <p class='ocr_par' dir='ltr' id='par_1_10' title="bbox 59 2690 1112 3186">
     <span class='ocr_line' id='line_1_30' title="bbox 122 2690 1112 2767; baseline -0.009 -13"><span class='ocrx_word' id='word_1_230' title='bbox 122 2699 178 2754; x_wconf 87' lang='lat' dir='ltr'><strong>Sed</strong></span> <span class='ocrx_word' id='word_1_231' title='bbox 200 2698 338 2767; x_wconf 75' lang='lat' dir='ltr'><strong>Lydianus</strong></span> <span class='ocrx_word' id='word_1_232' title='bbox 362 2699 441 2754; x_wconf 91' lang='lat' dir='ltr'><strong>locus</strong></span> <span class='ocrx_word' id='word_1_233' title='bbox 468 2714 523 2753; x_wconf 88' lang='lat' dir='ltr'><strong>non</strong></span> <span class='ocrx_word' id='word_1_234' title='bbox 546 2701 635 2755; x_wconf 90' lang='lat' dir='ltr'><strong>minus</strong></span> <span class='ocrx_word' id='word_1_235' title='bbox 657 2701 800 2755; x_wconf 88' lang='lat' dir='ltr'><strong>commode</strong></span> <span class='ocrx_word' id='word_1_236' title='bbox 825 2700 853 2754; x_wconf 93' lang='lat' dir='ltr'><strong>in</strong></span> <span class='ocrx_word' id='word_1_237' title='bbox 876 2701 965 2755; x_wconf 88' lang='lat' dir='ltr'><strong>lucem</strong></span> <span class='ocrx_word' id='word_1_238' title='bbox 975 2690 1112 2765; x_wconf 69' lang='lat' dir='ltr'><strong>deiectos</strong></span> 
     </span>
     <span class='ocr_line' id='line_1_31' title="bbox 59 2782 966 2843; baseline 0.001 -6"><span class='ocrx_word' id='word_1_239' title='bbox 59 2783 173 2840; x_wconf 88' lang='lat' dir='ltr'><strong>emersit</strong></span> <span class='ocrx_word' id='word_1_240' title='bbox 193 2783 228 2843; x_wconf 90' lang='lat' dir='ltr'><strong>ad</strong></span> <span class='ocrx_word' id='word_1_241' title='bbox 246 2782 327 2837; x_wconf 90' lang='lat' dir='ltr'><strong>aliam</strong></span> <span class='ocrx_word' id='word_1_242' title='bbox 343 2783 488 2838; x_wconf 88' lang='lat' dir='ltr'><strong>doctorum</strong></span> <span class='ocrx_word' id='word_1_243' title='bbox 503 2783 641 2838; x_wconf 90' lang='lat' dir='ltr'><strong>hominum</strong></span> <span class='ocrx_word' id='word_1_244' title='bbox 663 2784 882 2839; x_wconf 85' lang='lat' dir='ltr'><strong>controversiam</strong></span> <span class='ocrx_word' id='word_1_245' title='bbox 897 2783 966 2838; x_wconf 86' lang='lat' dir='ltr'><strong>diri-</strong></span> 
     </span>
     <span class='ocr_line' id='line_1_32' title="bbox 59 2866 964 2936; baseline 0.002 -16"><span class='ocrx_word' id='word_1_246' title='bbox 59 2867 199 2935; x_wconf 84' lang='lat' dir='ltr'><strong>mendam,</strong></span> <span class='ocrx_word' id='word_1_247' title='bbox 228 2881 298 2935; x_wconf 84' lang='lat' dir='ltr'><strong>quae</strong></span> <span class='ocrx_word' id='word_1_248' title='bbox 318 2867 352 2920; x_wconf 92' lang='lat' dir='ltr'><strong>de</strong></span> <span class='ocrx_word' id='word_1_249' title='bbox 381 2866 566 2936; x_wconf 88' lang='lat' dir='ltr'><strong>principio</strong></span> <span class='ocrx_word' id='word_1_250' title='bbox 594 2867 742 2922; x_wconf 85' lang='lat' dir='ltr'><strong>Caesarum</strong></span> <span class='ocrx_word' id='word_1_251' title='bbox 773 2868 905 2923; x_wconf 88' lang='lat' dir='ltr'><strong>amisso</strong></span> <span class='ocrx_word' id='word_1_252' title='bbox 931 2885 964 2922; x_wconf 91' lang='lat' dir='ltr'><strong>an</strong></span> 
     </span>
     <span class='ocr_line' id='line_1_33' title="bbox 61 2949 965 3021; baseline 0.003 -19"><span class='ocrx_word' id='word_1_253' title='bbox 61 2953 171 3002; x_wconf 86' lang='lat' dir='ltr'><strong>extante</strong></span> <span class='ocrx_word' id='word_1_254' title='bbox 193 2949 358 3018; x_wconf 80' lang='lat' dir='ltr'><strong>agitabatur.</strong></span> <span class='ocrx_word' id='word_1_255' title='bbox 404 2950 528 3015; x_wconf 80' lang='lat' dir='ltr'><strong>Mutilum</strong></span> <span class='ocrx_word' id='word_1_256' title='bbox 550 2967 614 3006; x_wconf 89' lang='lat' dir='ltr'><strong>esse</strong></span> <span class='ocrx_word' id='word_1_257' title='bbox 636 2951 752 3021; x_wconf 86' lang='lat' dir='ltr'><strong>primum</strong></span> <span class='ocrx_word' id='word_1_258' title='bbox 773 2951 872 3006; x_wconf 89' lang='lat' dir='ltr'><strong>librum</strong></span> <span class='ocrx_word' id='word_1_259' title='bbox 890 2952 965 3007; x_wconf 84' lang='lat' dir='ltr'><strong>docti</strong></span> 
     </span>
     <span class='ocr_line' id='line_1_34' title="bbox 60 3030 965 3105; baseline 0.004 -20"><span class='ocrx_word' id='word_1_260' title='bbox 60 3030 162 3086; x_wconf 92' lang='lat' dir='ltr'><strong>dudum</strong></span> <span class='ocrx_word' id='word_1_261' title='bbox 183 3031 313 3089; x_wconf 86' lang='lat' dir='ltr'><strong>viderunt</strong></span> <span class='ocrx_word' id='word_1_262' title='bbox 333 3039 361 3086; x_wconf 92' lang='lat' dir='ltr'><strong>et</strong></span> <span class='ocrx_word' id='word_1_263' title='bbox 384 3033 466 3105; x_wconf 90' lang='lat' dir='ltr'><strong>primi</strong></span> <span class='ocrx_word' id='word_1_264' title='bbox 491 3035 601 3104; x_wconf 87' lang='lat' dir='ltr'><strong>quidem</strong></span> <span class='ocrx_word' id='word_1_265' title='bbox 629 3035 833 3089; x_wconf 88' lang='lat' dir='ltr'><strong>commemorati</strong></span> <span class='ocrx_word' id='word_1_266' title='bbox 856 3036 889 3090; x_wconf 93' lang='lat' dir='ltr'><strong>ab</strong></span> <span class='ocrx_word' id='word_1_267' title='bbox 912 3035 965 3089; x_wconf 82' lang='lat' dir='ltr'><strong>lla-</strong></span> 
     </span>
     <span class='ocr_line' id='line_1_35' title="bbox 59 3113 965 3186; baseline 0.002 -18"><span class='ocrx_word' id='word_1_268' title='bbox 59 3113 160 3186; x_wconf 90' lang='lat' dir='ltr'><strong>phaele</strong></span> <span class='ocrx_word' id='word_1_269' title='bbox 184 3114 369 3170; x_wconf 83' lang='lat' dir='ltr'><strong>Volaterrano</strong></span> <span class='ocrx_word' id='word_1_270' title='bbox 395 3119 652 3174; x_wconf 87' lang='lat' dir='ltr'><strong>commentariorum</strong></span> <span class='ocrx_word' id='word_1_271' title='bbox 675 3119 843 3173; x_wconf 88' lang='lat' dir='ltr'><strong>urbanorum</strong></span> <span class='ocrx_word' id='word_1_272' title='bbox 863 3118 965 3173; x_wconf 87' lang='lat' dir='ltr'><strong>llomaa</strong></span> 
     </span>
    </p>

    <p class='ocr_par' dir='ltr' id='par_1_11' title="bbox 35 3197 966 3526">
     <span class='ocr_line' id='line_1_36' title="bbox 35 3197 965 3274; baseline 0.003 -21"><span class='ocrx_word' id='word_1_273' title='bbox 35 3260 39 3265; x_wconf 53' lang='grc'>,</span> <span class='ocrx_word' id='word_1_274' title='bbox 60 3215 84 3253; x_wconf 90' lang='lat' dir='ltr'><strong>a.</strong></span> <span class='ocrx_word' id='word_1_275' title='bbox 102 3204 171 3257; x_wconf 78' lang='lat'>1506</span> <span class='ocrx_word' id='word_1_276' title='bbox 187 3197 325 3252; x_wconf 90' lang='lat' dir='ltr'><strong>editorum</strong></span> <span class='ocrx_word' id='word_1_277' title='bbox 339 3199 413 3254; x_wconf 90' lang='lat' dir='ltr'><strong>libro</strong></span> <span class='ocrx_word' id='word_1_278' title='bbox 430 3207 478 3269; x_wconf 81' lang='grc'><strong>19,</strong></span> <span class='ocrx_word' id='word_1_279' title='bbox 494 3202 572 3257; x_wconf 89' lang='lat' dir='ltr'><strong>cuius</strong></span> <span class='ocrx_word' id='word_1_280' title='bbox 590 3204 660 3257; x_wconf 91' lang='lat' dir='ltr'><strong>lraec</strong></span> <span class='ocrx_word' id='word_1_281' title='bbox 675 3208 738 3257; x_wconf 91' lang='lat' dir='ltr'><strong>suut</strong></span> <span class='ocrx_word' id='word_1_282' title='bbox 751 3202 852 3257; x_wconf 88' lang='lat' dir='ltr'><strong>verba:</strong></span> <span class='ocrx_word' id='word_1_283' title='bbox 871 3199 965 3274; x_wconf 79' lang='lat' dir='ltr'><strong>Opinio</strong></span> 
     </span>
     <span class='ocr_line' id='line_1_37' title="bbox 57 3283 966 3355; baseline 0.003 -20"><span class='ocrx_word' id='word_1_284' title='bbox 57 3283 301 3353; x_wconf 77' lang='lat' dir='ltr'><strong>prcmmoliaorom</strong></span> <span class='ocrx_word' id='word_1_285' title='bbox 324 3284 516 3338; x_wconf 82' lang='lat' dir='ltr'><strong>nonnullorum</strong></span> <span class='ocrx_word' id='word_1_286' title='bbox 534 3293 575 3340; x_wconf 81' lang='lat' dir='ltr'><strong>est</strong></span> <span class='ocrx_word' id='word_1_287' title='bbox 592 3288 716 3355; x_wconf 83' lang='lat' dir='ltr'><strong>primam</strong></span> <span class='ocrx_word' id='word_1_288' title='bbox 736 3287 818 3342; x_wconf 74' lang='lat' dir='ltr'><strong>odom</strong></span> <span class='ocrx_word' id='word_1_289' title='bbox 837 3285 966 3342; x_wconf 81' lang='lat' dir='ltr'><strong>Caesaris</strong></span> 
     </span>
     <span class='ocr_line' id='line_1_38' title="bbox 57 3365 965 3441; baseline 0.002 -21"><span class='ocrx_word' id='word_1_290' title='bbox 57 3365 136 3421; x_wconf 79' lang='lat' dir='ltr'><strong>baud</strong></span> <span class='ocrx_word' id='word_1_291' title='bbox 151 3370 285 3438; x_wconf 77' lang='lat' dir='ltr'><strong>mteprem</strong></span> <span class='ocrx_word' id='word_1_292' title='bbox 306 3369 441 3438; x_wconf 82' lang='lat' dir='ltr'><strong>reperiri,</strong></span> <span class='ocrx_word' id='word_1_293' title='bbox 465 3383 526 3424; x_wconf 80' lang='lat' dir='ltr'><strong>cum</strong></span> <span class='ocrx_word' id='word_1_294' title='bbox 540 3371 684 3425; x_wconf 80' lang='lat' dir='ltr'><strong>uerisimile</strong></span> <span class='ocrx_word' id='word_1_295' title='bbox 698 3385 753 3425; x_wconf 82' lang='lat' dir='ltr'><strong>non</strong></span> <span class='ocrx_word' id='word_1_296' title='bbox 768 3372 803 3425; x_wconf 82' lang='lat' dir='ltr'><strong>eit</strong></span> <span class='ocrx_word' id='word_1_297' title='bbox 815 3371 903 3441; x_wconf 80' lang='lat' dir='ltr'><strong>ipsius</strong></span> <span class='ocrx_word' id='word_1_298' title='bbox 923 3370 965 3422; x_wconf 82' lang='lat' dir='ltr'><strong>in·</strong></span> 
     </span>
     <span class='ocr_line' id='line_1_39' title="bbox 59 3451 965 3526; baseline 0.003 -21"><span class='ocrx_word' id='word_1_299' title='bbox 59 3451 197 3506; x_wconf 73' lang='lat' dir='ltr'><strong>mnemia</strong></span> <span class='ocrx_word' id='word_1_300' title='bbox 221 3455 330 3523; x_wconf 76' lang='lat' dir='ltr'><strong>panaris</strong></span> <span class='ocrx_word' id='word_1_301' title='bbox 356 3453 476 3507; x_wconf 66' lang='lat' dir='ltr'><strong>tacuisse</strong></span> <span class='ocrx_word' id='word_1_302' title='bbox 495 3453 616 3526; x_wconf 80' lang='lat' dir='ltr'><strong>adeoque</strong></span> <span class='ocrx_word' id='word_1_303' title='bbox 632 3469 670 3510; x_wconf 85' lang='lat' dir='ltr'><strong>aee</strong></span> <span class='ocrx_word' id='word_1_304' title='bbox 696 3454 812 3525; x_wconf 80' lang='lat' dir='ltr'><strong>obrupto</strong></span> <span class='ocrx_word' id='word_1_305' title='bbox 835 3467 965 3510; x_wconf 79' lang='lat' dir='ltr'><strong>exorsum</strong></span> 
     </span>
    </p>
   </div>
   <div class='ocr_carea' id='block_1_8' title="bbox 0 0 1174 3870">
    <p class='ocr_par' dir='ltr' id='par_1_12' title="bbox 0 0 1174 3870">
     <span class='ocr_line' id='line_1_40' title="bbox 0 0 1174 3870; baseline 0 0"><span class='ocrx_word' id='word_1_306' title='bbox 0 0 1174 3870; x_wconf 95' lang='lat' dir='ltr'><strong> </strong></span> 
     </span>
    </p>
   </div>
  </div>
 </body>
</html>
