2286 3862
496 223 601 271 nnno,
998 212 1057 273 197

59 383 209 463 libellique
227 399 290 440 oum
313 377 483 458 quibusdam
502 378 658 438 notissimis
676 376 828 454 versibus,
850 379 942 455 ipsius
964 378 1057 440 chirc-

61 467 174 545 grapho
189 466 320 544 scriptis,
342 472 371 522 ut
388 462 477 522 facilc
493 468 650 542 appareret
664 479 723 521 non
733 461 856 523 tralatos
871 471 919 523 aut
932 461 1058 524 dictante

61 553 157 630 aliquo
169 558 329 628 exceptos,
348 546 401 607 sed
413 546 499 625 plane
512 547 594 626 quasi
607 564 623 606 a
636 548 784 624 cogitante
796 554 883 625 atque
896 554 1058 624 generante

62 644 211 704 exaratcs;
224 637 264 695 ita
272 631 360 693 multa
372 640 402 690 et
412 630 506 690 deleta
518 641 548 690 et
558 630 672 690 inducta
685 639 713 690 et
724 633 924 710 superscripta
936 632 1057 692 inerant.

34 719 164 782 allabuit
175 727 205 777 et
218 715 356 797 pingendi
371 714 556 793 fingendique
571 732 629 774 non
643 715 790 776 mediocre
803 715 935 775 studium.
1066 721 1100 774 ts

122 803 247 864 Maxime
263 809 357 861 autem
369 800 564 879 popularitate
580 798 766 877 efferebatur,
779 800 1058 878 omnium‘aemulus,

62 891 109 966 qui
122 903 242 966 quoquo
257 885 343 945 modo
356 885 477 945 animum
488 883 568 961 vulgi
581 892 742 942 moverent.
776 882 854 945 Exiit
866 886 977 962 opinio,
991 894 1059 963 post

61 972 212 1030 scaenicas
224 987 349 1030 coronas
361 969 493 1046 proximo
505 967 598 1027 lustro
611 966 818 1027 descensurum
830 986 894 1026 enm
913 971 949 1027 ad
961 967 1057 1044 Olym·

60 1057 108 1132 pia
120 1056 194 1113 inter
206 1053 342 1121 athletas;
362 1071 427 1112 nam
439 1060 467 1110 et
479 1051 641 1112 luctabatur
657 1051 783 1128 assidue,
800 1070 856 1111 nec
868 1051 953 1111 aliter
966 1060 1057 1112 certa·

18 1157 47 1198 ac
60 1140 134 1197 mina
152 1138 287 1215 gymnica
306 1144 366 1195 tota
390 1136 511 1197 Graecia
538 1144 726 1213 spectaverat
746 1154 830 1214 quam
855 1135 1059 1196 brabeutarum

58 1241 139 1282 more
155 1223 183 1280 in
194 1221 287 1281 stadio
298 1220 375 1279 humi
388 1219 518 1280 assidens
532 1238 576 1297 ac,
590 1221 614 1279 si
626 1237 682 1297 qua
694 1220 773 1297 paria
786 1220 902 1298 longius
913 1222 1058 1280 recessis-

59 1315 133 1382 sent,
146 1306 174 1362 in
186 1304 308 1364 medium
320 1303 450 1365 manibus
462 1307 521 1363 suis
536 1303 720 1381 protrahens.
743 1303 949 1365 Destinaverat
962 1307 1056 1381 etiam,

60 1392 126 1470 quia
137 1387 304 1466 Apollinem
316 1396 411 1462 cantu,
424 1388 523 1446 Solem
535 1385 695 1464 aurigando
708 1390 901 1467 aequiperare
914 1389 1057 1447 existima·

59 1482 149 1549 retur,
161 1473 264 1531 imitari
277 1480 306 1530 et
316 1470 450 1530 Herculis
461 1471 552 1538 laota;
570 1478 832 1549 praeparatumque
844 1471 960 1529 leonem
972 1474 1058 1544 aiunt,

18 1576 49 1616 15
60 1575 145 1636 quem
157 1556 205 1615 vel
218 1555 301 1615 clava
313 1554 362 1614 vel
374 1553 558 1614 brachiorum
569 1553 692 1613 nexibus
709 1554 739 1610 in
757 1552 959 1632 amphitheatri
972 1569 1059 1612 arena

60 1649 211 1720 spectante
230 1639 341 1719 populo
351 1638 443 1698 nudus
456 1637 587 1697 elideret.
624 1636 683 1697 Sub
697 1639 775 1696 exitu
792 1636 908 1716 quidem
920 1636 997 1696 vitae
1010 1642 1101 1714 ρει-64

59 1726 115 1785 lam
132 1734 264 1801 voverat,
276 1726 300 1783 si
309 1722 363 1783 sibi
374 1723 527 1782 incolumis
539 1731 629 1782 status
645 1723 862 1801 permansisset,
882 1716 1059 1798 proditurum

37 1843 41 1849 ·
60 1829 92 1869 se
105 1818 204 1886 partae
217 1808 358 1868 victoriae
370 1807 444 1867 ludis
457 1811 541 1867 etiam
554 1806 722 1882 hydraulam
734 1816 762 1866 et
775 1805 941 1865 choraulam
954 1814 982 1863 et
990 1806 1058 1864 utri·

60 1894 215 1969 cularium,
232 1912 266 1953 ac
277 1894 436 1952 novissimo
456 1891 510 1951 die'
521 1891 691 1951 histrionem
709 1891 934 1968 saltaturumque
952 1889 1059 1967 Virgili

20 1995 50 2032 ao
63 1977 198 2035 Turnum.
230 1975 268 2034 Et
279 1985 343 2034 sunt
356 1978 403 2053 qni
415 1976 537 2052 tradant,
548 1976 680 2036 Paridem
695 1975 863 2034 histrionem
876 1974 1004 2033 occisum
1021 1973 1057 2034 ab

62 2076 98 2118 eo
111 2061 192 2136 quasi
204 2076 324 2136 gravem
336 2057 541 2118 adversarium.
562 2059 633 2120 Erat
644 2061 687 2119 illi
695 2059 872 2118 aeternitatis
885 2061 1100 2137 perpetuae-55

61 2160 118 2222 que
139 2142 232 2201 lamae
254 2140 370 2221 cupido,
388 2141 441 2201 sed
459 2143 630 2204 inconsulta.
665 2143 794 2221 Ideoque
811 2143 906 2202 multis
925 2142 1012 2202 rebus
1024 2161 1059 2203 ac

60 2227 144 2302 locis,
157 2235 259 2285 vetere
272 2225 470 2305 appellatione
486 2224 632 2303 detracta,
652 2244 756 2287 novam
774 2226 875 2286 indixit
893 2245 931 2286 ex
943 2243 995 2286 suo
1008 2243 1059 2286 no·

60 2312 151 2388 mine,
163 2329 292 2370 mensem
310 2328 427 2390 quoque
445 2309 577 2389 Aprilem
593 2311 759 2371 Neroneum
777 2311 952 2391 appellavit;
973 2309 1059 2370 desti·

23 2405 50 2444 ²⁵
59 2403 180 2454 nacerat
192 2404 221 2453 et
231 2396 351 2454 Romam
361 2395 534 2474 Neropolim
545 2413 721 2474 nuncupare.

121 2478 307 2555 Religionum
315 2497 407 2557 usque
417 2497 531 2558 quaque
545 2488 739 2558 contemptor,
753 2488 871 2559 praeter
882 2482 965 2539 unius
976 2478 1057 2539 Deae
1066 2473 1101 2528 5⁶

60 2563 173 2638 Spu-iae.
195 2561 277 2622 Hanc
288 2580 355 2622 mon
366 2566 406 2623 ita
414 2566 525 2642 sprevit
532 2573 562 2623 ut
569 2567 650 2624 urina
660 2565 881 2640 contaminaret,
894 2564 1057 2643 aliasuper·

60 2648 176 2707 stitione
190 2655 307 2724 captus,
324 2647 353 2705 in
365 2666 420 2726 qua
442 2647 504 2709 sola
521 2650 753 2727 pertinacissime
773 2649 875 2707 haesit.
911 2648 1057 2727 Siquidem

59 2730 219 2790 icnnoulam
237 2730 407 2809 puellarem,
428 2751 492 2792 cum
505 2735 586 2811 quasi
604 2733 760 2792 remedium
778 2731 944 2792 insidiarum
962 2750 978 2792 a
995 2731 1056 2812 ple·

25 2827 49 2866 ³0
60 2814 128 2874 heio
143 2813 266 2892 quodam
277 2824 306 2875 et
323 2817 425 2894 ignoto
442 2820 552 2878 muneri
571 2819 751 2896 accepisset,
770 2818 885 2877 detecta
905 2817 1057 2877 confestim

60 2899 267 2974 coniuratione,
279 2918 334 2977 pro
347 2918 456 2960 summo
467 2903 581 2962 numine
593 2903 733 2981 trinisque
744 2905 773 2960 in
786 2901 832 2960 die
845 2901 995 2961 sacrificiis
1009 2917 1057 2960 co·

58 2983 121 3042 lere
141 2985 361 3060 perseveravit,
382 2985 559 3064 volebatque
586 2985 666 3045 credi
690 2986 847 3045 monitione
873 2987 934 3045 eius
964 2984 1059 3045 lutura

58 3083 267 3146 praenoscere.
293 3065 369 3125 Ante
387 3086 497 3146 paucos
519 3087 602 3148 quam
625 3071 734 3148 periret
752 3087 868 3129 menses
888 3068 1008 3129 attendit
1029 3075 1058 3128 et

58 3151 227 3228 extispicio,
240 3169 296 3210 nec
307 3169 438 3229 umquam
451 3153 552 3212 litavit.
694 3222 695 3225 Ἴ

22 3251 48 3294 aa
125 3233 201 3294 Obiit
213 3235 379 3295 tricensimo
393 3245 421 3296 et
433 3236 561 3297 secundo
577 3237 678 3297 aetatis
687 3254 772 3316 anno,
784 3236 830 3297 die
842 3255 899 3315 quo
913 3235 1097 3316 quondamtt

59 3318 209 3379 Octaviam
223 3321 425 3398 interemerat,
442 3320 758 3400 tantumquegaudium
778 3321 895 3401 publice
914 3321 1055 3399 praebuit,

57 3411 89 3461 nt
101 3403 186 3481 plebs
205 3403 325 3480 pilleata
337 3413 398 3466 tcta
416 3405 489 3465 urbe
507 3405 692 3466 discurreret.
721 3405 758 3466 Et
775 3415 871 3466 tamen
888 3422 946 3464 non
958 3403 1054 3465 delue-

57 3494 124 3545 runt
135 3489 182 3566 qui
195 3506 248 3566 per
263 3487 381 3568 longum
393 3499 506 3570 tempus
520 3491 617 3552 vernis
636 3492 813 3572 aestiuisque
832 3488 953 3550 floribus
966 3498 1054 3550 tumu-
