2334 3870
419 187 523 235 1>1vus
539 187 720 236 onnucrus.
998 175 1059 237 153

65 362 134 421 cas,
154 351 182 402 et
200 344 256 404 boc
269 342 391 422 amplius
407 342 483 420 patri
499 343 647 400 circenses
664 359 774 401 annuos
790 340 876 400 natali
892 340 954 411 die;
975 342 1058 403 matri

66 435 247 506 carpentum,
267 443 324 505 quo
341 443 395 504 per
411 425 518 483 circum
538 423 708 502 duceretur,
732 433 761 484 et
782 442 944 501 cognomen
958 423 1056 503 Augu·
1109 428 1111 432 ’

65 520 143 589 stae,
159 510 278 570 abviva
292 517 465 569 recusatum.
496 507 542 567 Ad
557 508 652 568 fratris
666 509 849 585 memoriam,
876 527 930 587 per
946 525 1058 568 omnem

65 594 250 655 occasionem
266 592 455 668 celebratam,
472 591 647 652 comoediam
660 610 776 671 quoque
792 591 931 652 Graecam
942 591 1056 671 Neapo-

38 680 152 738 tlitano
176 678 332 737 certamine
355 675 452 734 docuit
473 693 508 734 ac
527 674 562 734 de
586 678 727 736 sententia
753 675 875 736 iudicum
898 675 1056 735 coronavit.

61 761 88 821 N
90 780 107 820 e
119 759 248 821 llarcum
262 759 376 839 quidem
388 758 542 818 Antonium
552 758 751 818 inhonoratum
763 778 797 819 ac
810 760 872 820 sine
885 767 969 836 grata
981 774 1060 816 men-

63 847 142 904 tione
160 843 332 920 transmisit,
348 852 468 903 testatus
480 840 622 923 quondam
638 859 691 919 per
703 841 840 921 edictum,
855 852 934 904 tanto
948 843 1056 920 impen-

64 931 123 986 sius
138 935 240 1006 petere
255 945 287 986 se
300 936 330 986 ut
343 926 465 986 natalem
479 926 568 1006 patris
578 924 665 984 Drusi
681 924 876 1003 celebrarent,
893 925 970 1004 quod
981 925 1057 985 idem

63 1019 143 1069 esset
165 1019 194 1069 et
215 1012 261 1070 avi
282 1011 325 1069 sui
345 1011 473 1070 Antonii.
516 1007 633 1069 Tiberio
655 1025 845 1068 marmoreum
868 1027 964 1068 arcum
978 1011 1057 1068 iuxta

28 1104 50 1144 ¹0
60 1094 180 1172 Pompei
195 1094 350 1170 theatrum,
367 1093 514 1153 decretum
524 1092 638 1171 quidem
648 1091 716 1152 olim
727 1110 743 1151 a
753 1102 963 1153 senatuverum
974 1092 1057 1151 omis-

60 1195 138 1254 sum,
155 1180 280 1256 peregit.
294 1177 345 1239 Gai
358 1195 474 1256 quoque
484 1179 538 1236 etsi
551 1186 613 1237 acta
627 1177 721 1237 omnia
730 1177 863 1254 rescidit,
879 1176 954 1236 diem
964 1184 1057 1236 tamen

59 1263 155 1337 necis,
173 1264 301 1338 quamvis
319 1260 468 1320 exordium
484 1262 660 1340 principatus
678 1261 736 1339 sui,
758 1264 848 1323 vetuit
867 1263 943 1321 inter
962 1261 1056 1320 iestos

59 1345 174 1404 referri.

126 1426 166 1486 m
188 1426 216 1482 in
238 1432 330 1482 semet
347 1423 479 1500 augendo
502 1443 607 1501 parcus
626 1436 712 1503 atque
733 1428 843 1503 civilis,
868 1430 1056 1504 praenomine
1065 1439 1103 1490 12

26 1507 250 1585 reimperatoris
271 1504 421 1581 abstinuit,
448 1507 551 1564 nimios
574 1506 702 1566 honores
720 1510 880 1584 recusavit,
910 1508 1059 1585 sponsalia

63 1594 139 1653 tiliae
153 1589 335 1667 natalemque
350 1590 440 1666 geniti
456 1591 571 1668 nepotis
590 1588 705 1649 silentio
723 1608 757 1649 ac
777 1599 884 1648 tantum
899 1589 1059 1649 domestica

61 1676 205 1751 religione
226 1676 376 1750 transegit.
407 1671 558 1732 Neminem
579 1673 693 1733 exulum
706 1673 761 1733 nisi
777 1691 814 1732 ex
829 1681 944 1731 senatus
961 1681 1057 1732 aucto·

59 1762 145 1819 ritate
171 1757 304 1817 restituit.
333 1758 372 1819 Ut
386 1756 439 1816 sibi
458 1759 486 1816 in
506 1759 611 1818 curiam
627 1758 806 1837 praelectum
824 1757 952 1834 praetori
971 1755 1057 1814 tribu-

59 1859 172 1920 nosque
182 1842 299 1901 militum
311 1861 409 1901 secum
419 1841 555 1901 inducere
567 1840 686 1920 liceret,
704 1850 859 1920 utquerata
872 1848 971 1899 essent
984 1857 1057 1917 quae

23 1939 48 1978 20
60 1934 267 2006 procuratores
281 1927 324 1984 sui
339 1928 367 1985 in
380 1924 531 1985 indicando
547 1935 721 2003 statuerent,
738 1927 872 2005 precario
889 1926 995 2001 exegit.
1011 1922 1058 1984 Ius

59 2007 245 2069 nundinarum
266 2010 293 2066 in
315 2011 426 2086 privata
444 2008 562 2087 praedia
584 2008 782 2069 aconsulibus
798 2010 878 2086 petit.
908 2007 1056 2086 Cognitio-

58 2092 144 2152 nibus
156 2092 372 2168 magistratuum
383 2101 414 2150 ut
428 2109 500 2150 unus
515 2110 531 2151 e
548 2093 717 2152 consiliariis
730 2094 898 2170 frequenter
913 2093 1040 2153 interfuit
1048 2115 1055 2162 ;

60 2174 179 2236 eosdem
195 2175 363 2252 spectacula
380 2174 491 2233 edentis
509 2194 631 2251 surgens
647 2178 752 2254 etipse
772 2193 835 2234 cum
858 2185 955 2236 cetera
976 2176 1057 2235 turbu

58 2277 136 2318 voce
152 2275 186 2317 ac
200 2276 282 2317 manu
296 2267 450 2318 veneratus
463 2266 515 2316 est.
533 2258 591 2318 Til.
607 2259 660 2318 PL.
676 2257 843 2319 adeuntibus
856 2277 888 2317 se
902 2277 956 2338 pro
970 2258 1056 2317 tribu·

20 2363 48 2402 25
58 2344 116 2402 nali
134 2345 299 2418 excusavit,
318 2341 394 2421 quod
409 2350 531 2422 propter
542 2344 689 2418 angustias
704 2360 761 2402 non
775 2352 878 2421 posset
893 2342 990 2403 audire
1005 2358 1058 2401 eos

59 2427 115 2485 nisi
131 2434 249 2485 stantes.
272 2427 368 2501 Quare
385 2428 413 2485 in
431 2426 513 2485 brevi
536 2428 630 2503 spatio
647 2435 751 2486 tantum
768 2427 873 2486 amoris
890 2426 1057 2503 fauorisque

60 2510 197 2585 collegit,
221 2517 251 2567 ut
272 2527 335 2568 cum
357 2510 520 2589 proiectum
541 2527 605 2568 eum
627 2509 735 2570 Ostiam
756 2512 868 2588 perisse
895 2529 931 2569 ex
949 2509 1057 2568 insidiis

58 2593 214 2652 nuntiatum
235 2602 328 2668 esset,
356 2611 460 2670 magna
488 2595 721 2653 consternatione
744 2594 868 2673 populus
889 2603 918 2653 et
941 2593 1057 2653 militem

59 2677 143 2754 qnasi
158 2675 353 2754 proditorem,
376 2685 405 2736 et
422 2686 550 2737 senatum
567 2679 648 2756 quasi
664 2677 835 2757 parricidam
852 2676 920 2736 diris
938 2695 1056 2737 execra-

20 2775 48 2815 eo
59 2758 186 2818 tionibus
203 2761 352 2820 incessere
369 2777 427 2820 non
443 2770 508 2820 ante
523 2760 678 2839 destiterit,
694 2779 778 2839 quam
794 2781 865 2820 unus
881 2769 966 2840 atque
985 2762 1057 2820 alter

58 2852 89 2902 et
104 2859 173 2901 mox
190 2843 303 2922 plures,
322 2862 337 2902 a
354 2843 567 2920 magistratibus
581 2846 609 2905 in
626 2855 721 2905 rostra
740 2845 886 2923 producti,
903 2844 1013 2903 salvum
1029 2854 1058 2904 et

58 2926 292 3005 appropinquare
309 2927 491 2987 ailirmarent.

121 3007 185 3068 Nec
208 3018 301 3068 tamen
323 3028 430 3088 expers
448 3010 609 3070 insidiarum
636 3031 727 3090 usque
750 3031 861 3091 quaque
891 3012 1057 3091 permansit,
1066 3019 1103 3072 13

58 3091 112 3152 sed
127 3101 156 3152 et
170 3111 186 3152 a
201 3092 321 3171 singulis
337 3102 366 3152 et
382 3111 435 3171 per
455 3095 609 3154 factionem
632 3104 660 3154 et
678 3096 800 3174 deniqne
823 3097 900 3156 civili
920 3095 999 3156 bello
1014 3097 1055 3155 in·

17 3177 181 3239 antestatus
197 3183 250 3235 est.
268 3175 293 3235 Ε
311 3176 398 3254 plebe
416 3176 501 3238 bomo
518 3187 606 3237 nocte
621 3179 713 3240 media
728 3181 804 3240 iuxta
819 3180 979 3239 cubiculum
995 3181 1055 3238 eius

59 3277 123 3319 cum
142 3261 269 3337 pugione
292 3259 492 3338 deprehensus
514 3270 572 3331 est;
596 3265 705 3341 reperti
729 3272 758 3323 et
780 3264 923 3342 equestris
947 3263 1056 3323 ordinis

57 3342 115 3403 dno
130 3344 158 3401 in
176 3342 293 3422 publico
309 3362 372 3403 cnm
387 3343 493 3404 dolone
509 3363 543 3404 ac
557 3348 708 3408 venatorio
726 3346 818 3408 cultro
832 3347 1052 3427 praestolantes,

57 3426 133 3486 alter
149 3435 179 3485 ut
195 3445 345 3502 egressum
360 3427 487 3504 theatro,
510 3428 582 3488 alter
596 3439 626 3490 ut
644 3432 842 3491 sacrificantem
876 3430 942 3509 {pud
958 3430 1056 3492 llartis
