2286 3862
93 213 152 274 110
177 224 206 271 o.
221 222 370 271 suanam
383 221 511 281 nanno.
524 222 571 269 nn
583 223 666 270 uma
679 222 866 273 cnnsnauur
875 226 955 273 nna.
970 228 1024 278 m.

90 381 242 440 affirmavit
263 377 344 453 lore,
368 382 403 436 ut
420 394 460 435 ec
475 375 620 455 Pompeio
636 375 845 455 Pompeianas
861 378 978 461 pies-el,
1001 386 1103 451 acerba

91 464 275 524 cavillatione
292 460 374 520 simul
392 460 515 519 hominis
532 478 638 520 nomen
655 463 807 521 incessens
822 470 1032 545 velorumque
1045 489 1101 551 par-

47 566 82 621 ⁶8
91 549 159 607 tium
172 547 325 606 fortunam.
353 542 411 602 Sub
427 543 503 602 idem
517 553 645 623 tempus,
663 545 833 606 consulente
848 557 1004 626 praetore
1019 570 1055 613 an
1067 558 1097 615 ir·

90 632 165 691 dicia
180 630 338 690 maiestatis
360 628 428 704 cogi
442 626 570 706 iuberet,
592 628 771 688 exercendas
785 646 855 689 csse
870 629 969 709 leges
987 652 1090 717 respos-

89 717 181 775 ditet
205 713 387 774 atrocissime
412 715 552 771 exercuit.
582 714 699 773 Statuas
723 711 837 791 quidam
858 712 1005 793 Augusti
1029 730 1100 801 capti

89 799 249 873 demseral,
275 805 304 854 ut
324 795 443 855 alterius
458 798 634 876 imponerem
657 805 721 856 acla
733 815 782 856 res
799 797 829 856 in
845 808 961 860 senatu
978 811 1028 882 et,
1047 806 1095 885 qn'n

88 879 303 958 ambigebatur,
326 898 380 959 per
403 889 543 939 tormenta
566 882 697 959 quaesita
712 890 766 940 est.
796 880 953 947 Damnata
972 904 1030 948 reo
1045 906 1099 969 pan·

88 967 167 1027 latim
182 982 275 1042 genus
291 964 449 1024 calumniae
466 982 502 1023 eo
520 966 674 1042 prooessit,
692 973 721 1024 ut
737 963 810 1025 haec
825 982 957 1046 guoque
974 972 1102 1052 capitalia

89 1057 203 1110 essent:
232 1050 309 1108 circa
332 1048 456 1123 Augusti
482 1048 664 1108 simulacrum
690 1066 805 1109 seruum
830 1049 1006 1135 cecidisse,
1025 1058 1102 1117 vesti·

88 1142 183 1194 menta
198 1141 340 1206 mutasse,
357 1147 469 1189 nummo
482 1131 530 1190 vel
546 1132 631 1191 anulo
648 1134 776 1211 effigiem
786 1135 976 1212 impressam
987 1138 1124 1202 latrinaen

89 1225 137 1277 aut
153 1216 284 1294 lupanari
306 1213 456 1290 intulisse,
478 1214 583 1274 dictum
605 1217 693 1275 ullum
707 1218 852 1277 laetumve
869 1220 944 1281 eius
963 1225 1105 1286 existima·

88 1301 168 1359 tione
190 1299 287 1374 aliqua
307 1297 440 1357 laesisse.
473 1296 551 1358 Perit
572 1298 697 1379 denique
719 1309 748 1359 et
768 1302 810 1377 is,
835 1303 884 1380 qui
909 1302 1106 1369 bonoremiu

90 1382 205 1443 colonia
221 1400 271 1441 sua
288 1381 390 1441 eodem
407 1381 452 1441 die
469 1382 586 1443 decerni
601 1384 656 1443 sibi
672 1402 775 1464 passus
790 1393 849 1461 est,
865 1402 932 1464 quo
951 1388 1072 1455 decreti
1083 1402 1106 1453 et

88 1467 222 1544 Augusto
239 1466 307 1525 olim
324 1475 415 1525 crant.

45 1555 81 1610 59
150 1551 238 1611 Multa
261 1559 413 1627 praeterea
434 1553 535 1629 specie
553 1553 703 1630 gravitatis
723 1569 758 1612 ac
773 1568 886 1612 morum
908 1560 1124 1638 corrigendos

87 1652 165 1711 rum,
190 1634 243 1693 scd
263 1642 292 1692 et
313 1635 406 1709 magis
423 1643 543 1694 naturae
563 1646 785 1716 optemperans,
808 1636 848 1696 ita
864 1654 969 1702 saeve
988 1652 1022 1706 et
1038 1654 1104 1707 atro

89 1720 162 1777 citer
183 1718 340 1791 factitavit,
363 1726 392 1774 ut
412 1719 541 1777 nonnulli
563 1721 716 1780 versiculis
739 1736 857 1798 quoque
880 1731 915 1783 et
936 1730 1104 1805 praesentit

89 1801 300 1880 exprobrarent
316 1807 344 1856 et
359 1798 451 1859 lutura
469 1800 667 1864 denuntiarent
681 1802 770 1863 mala:

172 1955 263 2026 Asper
274 1958 299 2008 et
308 1955 431 2025 immitis,
444 1956 560 2011 breuiter
571 1959 610 2011 uis
621 1960 712 2013 omnia
722 1958 833 2015 alicam?

214 2038 390 2108 aspersam,
402 2040 428 2093 si
437 2045 462 2095 te
472 2046 561 2095 mater
572 2057 669 2096 amare
674 2048 774 2113 potest.

171 2173 234 2231 Non
250 2187 279 2230 es
293 2190 374 2248 eques
381 2200 391 2240 ,·
405 2183 513 2249 quare?
527 2179 589 2234 Non
604 2184 671 2234 sunt
682 2177 727 2233 tuli
740 2177 815 2231 milla
830 2183 966 2241 oculum.-

216 2258 312 2315 Omniu
323 2262 349 2315 si
358 2277 494 2335 quaeras,
508 2269 534 2318 el
542 2263 659 2318 Rhodus
670 2262 780 2318 emiliam
793 2267 841 2316 est

170 2392 267 2450 Aurea
278 2401 388 2454 mutasti
398 2398 516 2455 Saturni
524 2398 644 2463 saecula,
659 2397 775 2455 Caesar:

211 2478 350 2538 Incolumi
356 2500 422 2539 nam
433 2490 458 2538 te
465 2482 566 2555 ferrea
576 2496 686 2552 semper
696 2483 786 2537 erunt.

169 2615 287 2672 Fastidit
297 2621 403 2688 vntum,
413 2623 477 2691 puin
488 2623 543 2674 iam
553 2621 610 2675 sitit
617 2621 666 2673 iste
675 2631 819 2673 cruorem:

214 2699 282 2754 Tum
293 2701 355 2756 bibit
363 2702 437 2757 bunc
448 2704 540 2773 auide,
552 2719 634 2775 quam
646 2702 709 2757 bibit
718 2707 781 2756 aule
791 2714 909 2758 merum.

169 2831 270 2904 Aspice
281 2834 399 2890 Felicem
411 2836 486 2904 (sibi,
503 2852 558 2891 non
574 2837 631 2906 tibi)
644 2837 774 2907 Romule,
788 2836 904 2908 Sullam,

210 2915 249 2970 Et
257 2916 395 2988 Munium,
407 2922 434 2975 si
442 2923 493 2984 uis,
507 2922 615 2991 aspice,
627 2922 677 2975 sed
686 2921 822 2988 reducem,

168 3000 291 3056 Necnon
303 3002 405 3059 Antoni
411 3006 500 3058 ciuilia
511 3005 580 3058 bella
590 3007 718 3061 mouentis

210 3084 273 3140 Non
283 3088 367 3141 semel
376 3088 494 3159 infectas
503 3089 598 3158 aspice
608 3090 693 3144 caede
704 3104 808 3154 manus,

165 3168 202 3224 Et
213 3170 270 3225 elic.-
285 3169 375 3224 Romu
383 3174 465 3242 peril,
478 3174 603 3244 repnuoit
611 3176 745 3252 sanguiue
755 3175 853 3245 mullo,

209 3253 254 3309 Ad
264 3269 379 3326 regnum
390 3257 511 3327 quisquis
522 3259 592 3312 uenit
602 3258 636 3312 ab
648 3259 736 3315 cecilio.

86 3415 167 3490 Quae
187 3419 293 3496 primo,
317 3420 398 3497 quasi
420 3418 454 3479 ab
470 3419 682 3497 impatientibus
699 3420 891 3482 remediorum
907 3441 944 3485 ac
960 3444 1023 3487 non
1038 3436 1093 3491 tan

85 3518 122 3560 cx
142 3502 226 3561 animi
242 3504 383 3564 sentent-ia
397 3522 480 3583 quam
498 3502 556 3563 bile
572 3512 600 3562 et
617 3505 767 3565 stomacho
784 3507 985 3590 iungerentur,
1008 3512 1091 3573 vole·
