2334 3870
448 198 551 247 nrvus
570 198 696 248 ruerus.
1035 188 1070 248 11

70 355 121 414 ulli
140 354 263 415 feminae
277 353 356 430 lore,
374 351 567 430 responderet
580 354 662 434 quasi
676 353 830 434 adludens,
847 354 986 434 insyria
998 372 1071 434 quo·

71 456 129 517 quc
142 455 290 519 aquosae
301 434 503 518 Secedamus,
517 454 721 519 unoquemque
734 436 832 500 Asine
845 447 967 518 purtem
977 437 1071 499 Ama·

70 540 167 585 nonus
183 523 316 584 tenuisse
334 519 516 600 quondum·

132 607 260 668 Functus
277 604 436 682 consulatu,
453 605 523 667 Gaio
538 607 671 670 Memmio
686 609 833 688 Lucioque
847 607 974 669 Domitio
990 617 1116 686 prae-23

46 692 181 752 uteribus
206 690 242 750 de
269 689 429 767 superioris
453 690 518 749 anni
544 692 615 750 actis
643 692 852 772 referentibus,
879 693 1074 770 cognitionem

69 775 182 835 senatui
213 772 333 842 detulit;
361 790 417 833 nec
442 772 493 832 illo
523 775 717 853 suscipiente,
745 777 897 858 triduoque
929 795 983 856 per
1008 775 1074 834 inri-

69 868 115 918 tas
138 857 344 917 altercationes
371 856 541 936 absumpto,
563 858 591 917 in
618 859 798 937 provinciam
822 862 906 931 abiit;
930 872 958 922 et
980 859 1075 920 statim

71 950 209 1022 quaestor
239 941 300 1000 eius
326 942 354 1000 in
380 940 587 1020 praeiudicium
613 941 724 1021 aliquot
750 945 913 1004 criminibus
941 953 1075 1022 arreptus

69 1034 123 1086 est.
168 1024 238 1085 dion
260 1033 289 1083 et
310 1025 375 1102 ipse
393 1044 409 1085 a
427 1024 515 1085 bunio
533 1025 659 1087 Antistio
679 1027 737 1087 Til.
754 1027 809 1088 PL.
828 1026 1002 1106 postulatus,
1025 1044 1075 1104 ap-

33 1109 179 1189 ropellato
207 1109 318 1169 demum
349 1109 477 1186 collegio
504 1111 642 1188 optinuit,
673 1130 737 1171 cum
762 1113 807 1172 rei
832 1111 966 1191 publicae
989 1127 1076 1170 eausa

68 1193 187 1254 abesset
202 1210 271 1252 reus
286 1212 322 1252 ne
343 1194 436 1254 lieret.
479 1193 526 1254 Ad
543 1199 726 1256 securitatem
743 1212 816 1273 ergo
834 1196 947 1274 posteri
964 1203 1074 1272 tempo·

68 1279 108 1338 ris
130 1280 158 1337 in
179 1294 285 1352 magno
307 1279 427 1354 negotio
448 1277 547 1338 babuit
562 1280 694 1358 obligare
718 1299 836 1359 semper
856 1297 967 1340 annuos
982 1277 1074 1354 magi-

70 1371 193 1435 stratus,
216 1368 245 1418 et
266 1377 282 1418 e
305 1359 476 1436 petitoribus
491 1378 549 1419 nou
571 1364 645 1422 alios
660 1364 798 1426 adiuvare
816 1373 863 1424 aut
883 1364 918 1424 ad
934 1364 1075 1424 honorem

72 1445 131 1522 pati
149 1443 321 1521 pervenire,
338 1459 424 1518 quam
441 1444 489 1519 qui
503 1442 558 1501 sibi
572 1449 755 1523 recepissent
774 1456 1010 1524 propugnaturos
1026 1444 1074 1505 ab·

37 1527 194 1590 assentiam
211 1543 306 1593 suam;
332 1525 412 1584 cuius
428 1527 504 1604 pacti
521 1542 579 1584 non
596 1526 734 1587 dubitavit
750 1546 766 1588 a
784 1527 953 1605 quibusdam
968 1530 1013 1586 ius
1034 1529 1075 1585 iu·

72 1610 190 1670 randum
213 1617 299 1687 atque
320 1610 404 1668 etiam
425 1608 620 1688 syngrapham
636 1612 767 1688 exigere.
813 1610 871 1670 Sed
895 1629 959 1670 eum
973 1609 1119 1670 Luciustl

70 1693 211 1754 Domitius
233 1693 399 1753 consulatus
422 1693 589 1754 candidatus
618 1695 712 1774 palam
733 1697 904 1772 minaretur,
928 1693 1077 1754 consulem

71 1797 104 1839 se
120 1778 290 1838 effecturum
303 1778 380 1855 quod
393 1787 512 1857 praetor
523 1781 674 1857 nequisset
686 1779 942 1859 adempturumque
952 1779 979 1839 ei
992 1796 1074 1838 exer·

72 1865 159 1941 citus,
185 1860 321 1922 Crassum
336 1863 563 1942 Pompeiumque
584 1866 613 1924 iu
634 1863 734 1924 urbem
751 1864 918 1943 provinciae
936 1879 1006 1924 suae
1021 1861 1075 1922 bu-

35 1965 62 2006 co
74 1966 135 2009 cam
156 1955 304 2007 extractos
326 1947 470 2025 conpulit,
493 1957 523 2007 ut
545 1947 715 2008 detrudendi
731 1947 848 2009 Domitii
868 1967 957 2011 eausa
972 1963 1074 2008 consu·

71 2033 158 2091 latum
184 2031 304 2089 alterum
330 2040 478 2108 peterent,
505 2033 687 2112 perfecitque
714 2051 768 2112 per
794 2042 962 2112 utrumque,
990 2039 1021 2091 ul
1045 2030 1074 2088 in

74 2114 296 2192 quinquennium
320 2113 375 2173 sibi
397 2115 546 2192 imperium
567 2127 787 2195 prorogaretur.
832 2119 894 2192 Qua
917 2115 1020 2179 fiducia
1039 2113 1075 2174 ad

73 2199 223 2275 legiones,
244 2215 315 2276 quas
337 2215 400 2258 are
416 2198 531 2277 publica
547 2210 720 2280 acceperat,
742 2202 814 2261 alias
830 2202 944 2281 privato
960 2207 1074 2278 sumptu

72 2281 192 2359 addidit,
217 2300 301 2341 unam
321 2283 460 2342 etiamen
477 2283 674 2363 Transalpinis
696 2287 905 2363 conscriptam,
928 2281 1074 2343 vocabulo

36 2384 189 2447 aequoque
206 2365 318 2428 Gallico
337 2366 465 2444 (Alauda
487 2368 562 2427 enim
580 2369 798 2449 appellabatur)
822 2387 907 2446 quam
923 2365 1075 2444 disciplina

73 2446 209 2529 cultuque
227 2451 359 2511 Romano
379 2452 534 2512 institutam
559 2462 588 2512 et
612 2463 757 2530 ornatam,
784 2462 888 2532 postea
912 2452 1075 2511 universum

73 2535 190 2595 civitate
212 2535 338 2595 donavit.
381 2535 446 2596 Nec
469 2536 572 2596 deinde
593 2536 652 2598 ulla
672 2536 743 2598 belli
771 2538 948 2611 occasione,
975 2552 1012 2592 ne
1032 2533 1074 2593 in·

72 2619 139 2680 iusti
155 2619 268 2697 quidem
285 2637 320 2680 ac
336 2620 493 2699 periculosi
513 2621 662 2699 abstinuit,
686 2630 742 2683 tam
760 2621 918 2682 foederatis
934 2635 1019 2699 quam
1033 2616 1074 2678 in·

72 2703 156 2763 iestis
167 2722 201 2763 ac
214 2704 285 2764 ieris
299 2705 435 2781 gentibus
447 2706 522 2766 ultro
537 2705 699 2783 lacessitis,
716 2705 790 2766 adeo
806 2715 836 2766 ut
852 2713 968 2766 senatus
984 2719 1074 2783 quon·

37 2801 63 2843 so
75 2788 140 2847 dam
153 2787 270 2864 legatos
286 2787 322 2850 ad
343 2789 551 2869 explorandum
567 2799 670 2852 statum
685 2789 840 2852 Galliarum
854 2788 1009 2849 mittendos
1026 2786 1074 2847 de·

75 2872 216 2949 ereverit,
232 2891 267 2933 ιιο
281 2874 410 2934 nonnulli
422 2873 581 2935 dedendum
597 2893 660 2935 eum
671 2873 803 2935 hostibus
816 2874 988 2934 censuerint.
1016 2869 1075 2932 Sed

75 2970 217 3033 prospere
245 2956 453 3018 decedentibus
472 2959 573 3037 rebus,
597 2948 764 3038 et'saepius
785 2967 814 3019 et
842 2959 965 3037 plurium
991 2972 1076 3035 quam

75 3038 224 3118 quisquam
239 3057 372 3118 umquam
389 3041 497 3102 dierum
513 3044 742 3122 supplicationes
760 3042 933 3122 impetravit.
980 3039 1119 3102 cessitas

74 3132 169 3184 autem
184 3141 289 3185 novem
304 3127 401 3203 annis,
419 3127 522 3203 quibus
536 3128 564 3187 in
581 3127 701 3207 imperio
718 3127 786 3204 luit,
802 3127 877 3187 haec
889 3127 964 3186 fere.

37 3227 65 3268 au
139 3207 258 3269 Omnem
285 3209 424 3287 Galliam,
453 3229 527 3290 quae
554 3212 627 3272 saltu
654 3212 804 3287 Pyrenaeo
833 3210 1018 3290 Alpibusque
1046 3215 1074 3267 et

74 3301 171 3353 monte
197 3293 351 3372 Gebenna,
374 3295 535 3356 fluminibus
554 3297 657 3357 Rheno
680 3313 715 3357 ac
735 3296 878 3358 Rhodano
902 3295 1073 3368 continetur,

74 3385 212 3457 patetque
237 3380 357 3440 circuitu
385 3379 422 3442 ad
447 3379 543 3441 biset
567 3382 666 3441 tricies
690 3390 804 3441 eentum
829 3381 906 3441 milia
928 3396 1073 3459 passuum,

76 3470 192 3539 practer
212 3464 309 3526 socias
330 3481 365 3526 ac
388 3463 464 3526 bene
481 3465 598 3527 meritas
614 3465 762 3544 civitates,
785 3466 813 3525 in
831 3464 999 3544 provinciae
1015 3461 1074 3522 ior·
