2334 3870
444 176 446 178 ’
484 189 514 238 c.
539 191 726 241 ounroonn.
1045 189 1104 250 143

104 343 280 422 peditionem
296 344 412 406 assidue
438 346 582 423 gestavit,
604 347 745 408 interdum
770 357 800 409 et
822 349 921 429 Magni
943 350 1102 416 Alexandri

103 428 251 489 thoracem
264 431 420 509 repetitum
434 446 451 487 e
468 429 628 490 conditorio
648 432 719 492 eius.

165 512 211 573 Ex
228 512 389 591 disciplinis
414 511 584 574 liberalibus
606 517 748 576 minimum
774 516 942 596 eruditioni,
963 521 1144 600 eloquenda

101 598 158 656 tiae
177 596 328 675 plurimum
355 595 491 673 attendit,
527 602 704 676 quantumvis
724 601 864 662 facundus
889 611 919 662 et
941 615 1100 685 promptus,

77 682 197 760 antique
220 683 245 740 si
264 681 457 760 perorandum
479 682 508 740 in
529 682 652 760 aliquem
676 694 764 744 esset.
807 685 884 746 lrato
909 695 938 747 et
963 688 1053 748 verba
1073 698 1102 749 et

99 765 262 825 sententiae
283 765 491 844 suppetebant,
516 767 707 844 pronuntiatio
725 785 838 848 quoque
855 780 883 830 et
899 789 973 848 vox,
1004 781 1034 832 ut
1052 790 1101 833 ne·

101 867 158 926 qne
184 847 288 908 eodem
316 849 375 909 loci
400 868 471 928 prae
497 849 603 910 ardore
630 852 803 912 consisteret
830 863 859 913 et
880 856 1102 917 exaudiretnra

101 932 204 1010 procul
222 933 370 993 stantibus.
414 933 622 1011 Peroraturus,
640 934 816 995 stricturum
831 955 865 997 se
878 939 1102 1002 dammationis

99 1033 178 1075 succ
201 1017 291 1077 telam
312 1018 486 1088 minabatur;
523 1018 616 1078 lenius
644 1020 824 1097 comtiusque
844 1022 987 1083 scribendi
1009 1041 1101 1100 genus

64 1117 88 1158 ro
99 1098 172 1160 adeo
190 1109 394 1180 contemnens,
422 1111 453 1162 ut
467 1103 608 1164 Senecam
622 1111 680 1162 tum
702 1105 825 1164 maxime
841 1104 1005 1184 placentem
1021 1117 1121 1166 com-¹

97 1184 260 1246 missiones
272 1203 378 1247 meros
397 1204 593 1265 componere,
622 1196 652 1248 et
668 1187 820 1251 toronum
840 1208 909 1251 esne
927 1191 995 1251 ciac
1016 1190 1102 1252 culce

99 1267 217 1329 diceret.
262 1270 384 1331 Solebat
404 1274 490 1332 etiam
510 1275 663 1353 prosperis
691 1284 836 1335 oratorum
866 1274 1028 1337 actionibus
1054 1294 1099 1336 re-

99 1353 230 1412 scribere
245 1362 275 1411 et
291 1372 461 1428 magnorum
479 1357 626 1414 incenato
645 1375 760 1416 reorum
780 1364 981 1420 accusationes
1001 1359 1098 1419 defen·

100 1438 256 1513 sionesque
282 1435 411 1495 meditari
436 1455 487 1513 ac,
514 1445 600 1513 prout
629 1437 709 1495 stilus
736 1451 881 1516 cesserat,
907 1443 954 1501 vel
978 1459 1100 1500 onerare

67 1539 90 1578 rs
100 1519 242 1579 sententia
265 1536 316 1578 sna
333 1536 476 1597 quemque
495 1518 543 1576 uel
566 1518 734 1595 sublevare,
764 1524 889 1598 equestri
917 1539 1034 1600 qnoque
1056 1539 1100 1578 or·

101 1604 166 1663 dine
181 1602 216 1662 ad
231 1602 399 1662 audiendum
415 1602 534 1662 invitato
550 1619 604 1681 per
619 1601 721 1661 edicta.

164 1686 221 1746 Sed
237 1695 266 1746 et
281 1686 401 1747 aliorum
415 1704 556 1765 generum
570 1695 647 1746 artes
669 1685 878 1746 studiosissime
894 1695 923 1746 et
939 1687 1098 1747 diversissi·
1107 1696 1142 1751 54

99 1791 159 1832 mas
175 1773 315 1831 exercuit.
361 1771 459 1832 'lhrex
474 1780 503 1832 et
518 1772 631 1848 auriga,
660 1770 736 1830 idern
752 1779 852 1829 cantor
870 1779 955 1849 atque
970 1768 1099 1848 saltator,

99 1855 249 1916 battuebat
264 1858 444 1935 pugnatoriis
466 1857 568 1932 armis,
598 1855 749 1932 aurigabat
771 1864 904 1914 extructo
925 1853 1100 1933 plurifariam

62 1962 88 2002 ro
101 1942 196 2009 ciroo;
229 1939 349 1999 canendi
371 1958 406 1999 ac
427 1940 547 2000 saltandi
568 1939 716 2018 voluptate
735 1939 774 1998 ita
799 1938 988 2016 eilerebatur,
1019 1946 1049 1998 ut
1063 1956 1100 1998 ne

100 2024 224 2104 publicis
256 2024 369 2101 quidem
396 2023 571 2102 spectaculis
600 2031 776 2101 temperaret
804 2040 860 2100 quo
883 2024 974 2082 minus
994 2031 1023 2082 et
1043 2031 1098 2084 tra-

98 2107 197 2186 goedo
226 2108 420 2186 pronuntianti
446 2107 629 2182 concineret,
658 2115 687 2164 et
711 2114 825 2182 gestum
849 2105 995 2166 histrionis
1018 2108 1099 2185 quasi

98 2192 218 2253 laudans
237 2191 285 2250 vel
308 2192 459 2268 corrigens
480 2190 574 2268 palam
595 2190 759 2266 effingeret.
803 2188 865 2248 Nec
881 2190 936 2250 alia
957 2189 993 2249 de
1013 2207 1099 2250 cansa

97 2277 213 2336 videtur
235 2293 271 2334 eo
294 2275 356 2352 die,
387 2292 444 2354 quo
467 2275 568 2352 periit,
599 2273 783 2351 pervigilium
803 2273 942 2332 indixisse
968 2290 1050 2351 quam
1070 2281 1100 2331 nt

59 2362 206 2430 osinitium
226 2362 255 2418 in
276 2377 392 2421 scenam
413 2357 573 2438 prodeundi
595 2358 711 2417 licentia
737 2358 875 2435 temporis
892 2357 1099 2434 auspicaretur.

82 2443 228 2506 -Saltabat
249 2453 342 2503 autem
358 2460 568 2520 nonnumquam
591 2443 675 2501 etiam
701 2449 804 2511 noctu;
828 2450 857 2500 et
879 2439 1021 2518 quondam
1040 2448 1100 2499 tres

99 2528 270 2590 consulares
297 2527 425 2589 secunda
439 2527 539 2604 vigilia
565 2528 593 2586 in
619 2525 756 2586 Palatium
781 2527 891 2584 accitos
909 2525 1053 2602 multaque
1071 2531 1101 2583 et
1160 2590 1164 2597 ,

99 2623 229 2674 extrema
249 2614 402 2673 metuentis
425 2630 513 2691 super
539 2610 678 2691 pulpitum
706 2609 888 2685 conlocavit,
926 2607 1028 2667 deinde
1054 2625 1099 2667 re·

99 2706 187 2779 pente
203 2715 307 2774 magno
324 2697 455 2759 tibiarum
471 2704 500 2755 et
519 2695 714 2755 scabellorum
733 2695 843 2772 crepitu
860 2710 923 2752 cum
938 2690 1015 2770 palla
1028 2692 1099 2751 tuni-

60 2800 191 2862 socaque
212 2782 295 2842 talari
316 2782 450 2860 prosiluit
471 2798 507 2841 ac
527 2779 669 2840 desaltato
691 2780 803 2839 cantico
819 2777 896 2837 abiit.
941 2775 1036 2852 Atque
1053 2774 1101 2833 hic

98 2877 155 2928 tam
171 2865 273 2929 docilis
289 2866 324 2925 ad
340 2876 437 2927 cetera
452 2872 553 2925 natare
566 2865 677 2924 nesciit.

162 2952 289 3026 Quorum
304 2968 377 3010 vero
399 2950 493 3010 studio
510 2957 673 3023 teneretur,
703 2945 834 3006 omnibus
855 2945 890 3004 ad
909 2943 1046 3004 insaniam
1059 2941 1142 3007 ia·55

97 3039 148 3097 vit.
194 3034 369 3096 Mnesterem
389 3035 591 3114 pantomimum
610 3033 694 3092 etiam
711 3032 786 3090 inter
803 3027 972 3108 spectacula
988 3024 1100 3086 oscula·

97 3121 198 3198 batur,
228 3137 262 3180 ac
277 3120 301 3180 si
317 3120 364 3198 qui
386 3120 509 3179 saltante
525 3135 561 3178 eo
582 3116 629 3176 vel
646 3116 751 3175 leviter
768 3114 968 3192 obstreperet,
992 3108 1102 3169 detrahi

60 3222 87 3264 ss
98 3209 206 3266 iussum
220 3222 303 3264 manu
319 3222 369 3264 sua
384 3202 560 3281 flagellabat.
604 3200 702 3278 Equiti
721 3200 757 3260 R.
772 3197 949 3258 tumultuanti
966 3211 1021 3274 per
1036 3209 1087 3252 cer

98 3291 241 3353 tunionem
258 3288 442 3349 denuntiarit
482 3287 573 3347 rbiret
593 3287 654 3346 sine
673 3301 754 3344 mora
771 3282 879 3343 Ostiam
899 3279 1092 3359 perferretqn·

100 3374 136 3436 ad
152 3373 347 3434 Ptolemaeum
361 3391 462 3451 regern
490 3391 508 3431 n
523 3371 719 3432 Mauritaniam
743 3366 896 3428 codicillos
912 3380 996 3431 suos3
1031 3378 1092 3437 quu-

98 3476 161 3520 ῃῃῃ
178 3457 340 3519 expmnlrrm
358 3467 418 3508 orat
480 3455 508 3501 ab'
526 3473 608 3515 aarum
622 3455 701 3508 deins·
714 3451 801 3508 mices,
817 3467 915 3513 mamam.
930 3444 1003 3500 botai
1019 3442 1090 3504 'turim
