2286 3862
113 204 172 265 116
202 216 232 264 c.
250 216 400 264 suunouu
415 214 540 274 namo.
557 215 604 261 nn
620 214 704 261 vmu
720 212 910 263 cuasam
925 214 1005 264 urs.
1022 216 1077 265 111.

113 369 262 449 exemplo,
277 378 340 429 ture
353 369 467 448 quidem
482 387 516 428 ac
528 370 596 428 vino
609 387 709 428 verum
718 369 782 428 sine
793 368 918 429 tibicine
933 368 1121 451 supplicarit,

70 470 104 528 71
114 464 144 515 ut
160 455 209 514 ille
226 454 294 513 olim
310 456 338 513 in
354 462 447 513 morte
463 451 523 513 sulii.
568 454 709 512 Sermone
725 452 838 513 Graeco
855 470 1047 535 quamquam
1060 455 1119 517 alio

114 542 162 620 qui
180 547 329 618 promptus
345 545 374 596 et
390 536 502 613 facilis,
523 554 582 596 non
603 546 698 597 tamen
717 554 810 615 usque
830 554 959 617 quaque
984 557 1058 599 usus
1075 549 1117 617 est,

113 624 304 701 abstinuitque
319 622 442 681 maxime
458 622 486 680 in
501 629 617 689 senatu;
636 619 709 680 adeo
724 619 848 698 quidem,
864 629 898 681 ut
921 622 1112 703 monopolium

112 710 308 769 nominaturus
324 706 437 765 veniam
458 707 537 784 prius
556 703 728 784 postularet,
752 703 830 782 quod
845 704 906 765 sibi
924 706 1119 787 verbopttes

112 794 197 871 grino
218 788 352 849 utendum
374 800 466 857 essem
488 798 574 868 atque
597 789 683 848 etiam
706 804 770 847 cunr
791 789 820 847 in
844 788 989 868 quodam
1012 790 1109 853 decreta

112 884 225 957 patrum
247 872 397 953 ἔμβλημα
417 875 602 949 recitaretur,
625 871 851 932 commutandam
868 876 1001 936 censuit
1019 890 1117 949 recen,

113 968 144 1021 et
157 976 211 1038 pro
231 961 387 1038 peregrina
403 966 559 1017 nostratem
576 955 778 1035 requirendam
791 964 840 1016 aut
854 958 880 1015 si
895 974 967 1019 non
984 960 1118 1041 reperire

112 1054 168 1121 tur,
184 1043 232 1103 vel
249 1042 378 1121 pluribus
395 1051 423 1101 et
438 1060 492 1121 per
506 1040 641 1101 ambitum
654 1039 810 1100 verborum
823 1057 889 1100 rern
906 1042 1120 1105 enuntiandam.

111 1128 232 1192 Militem
243 1143 368 1204 quoque,
385 1125 496 1186 Graece
507 1126 701 1184 testimonium
713 1126 945 1203 interrogatum,
959 1128 1023 1189 nisi
1033 1126 1138 1189 hatineu

113 1209 297 1289 respondere
314 1209 414 1268 vetuit.

70 1303 106 1361 72
174 1293 222 1352 Bis
238 1293 352 1352 omnino
368 1301 429 1352 toto
447 1310 584 1352 secessus
599 1301 731 1372 tempore
742 1293 865 1353 Romam
879 1292 994 1355 redire
1010 1304 1123 1357 conatu

115 1377 221 1460 (semel
244 1378 352 1437 triremi
373 1377 521 1456 usquead
542 1379 691 1456 proximos
712 1374 903 1438 naumachiae
928 1376 1047 1440 hortos
1068 1379 1121 1440 sub

113 1472 232 1540 vectus,
261 1462 402 1542 disposita
425 1464 548 1523 statione
566 1480 620 1541 per
645 1463 724 1540 ripas
742 1460 874 1537 Tiberis,
913 1479 1000 1542 quae
1017 1464 1122 1525 obviate

113 1548 282 1630 prodeuntis
304 1546 507 1623 submoveret,
535 1549 638 1605 iterum
659 1545 756 1626 Appia
778 1562 870 1622 nsque
894 1545 939 1606 ad
970 1550 1137 1628 septimunu

113 1632 255 1712 lapidem)
283 1630 336 1691 sed
364 1632 531 1710 prospectis
557 1629 643 1688 modo
664 1648 720 1689 nec
749 1628 829 1689 aditis
852 1628 940 1691 urbis
972 1634 1120 1695 moenibus

112 1717 211 1785 rediit;
229 1718 320 1795 primo
340 1715 479 1773 incertum
496 1731 551 1791 qua
566 1712 603 1772 de
617 1732 714 1791 causa,
731 1721 834 1793 postea
852 1721 980 1777 ostento
996 1720 1119 1779 territus.

112 1801 184 1862 Erat
201 1801 227 1858 ei
246 1802 275 1857 in
296 1796 516 1856 oblectamentis
531 1815 654 1876 serpens
668 1797 775 1874 draco,
796 1814 883 1875 quern
899 1814 944 1857 ex
967 1810 1118 1863 consuete-

114 1886 179 1945 dine
195 1899 277 1940 manu
294 1898 345 1940 sua
359 1880 505 1940 cibaturus
523 1899 586 1940 cunr
598 1890 798 1960 consumptum
812 1898 829 1941 a
841 1879 982 1943 formicis
998 1887 1117 1947 iuvenis

114 1976 175 2042 set,
197 1965 320 2023 monitus
342 1973 387 2024 est
411 1972 440 2023 ut
460 1965 517 2023 uim
531 1965 717 2026 multitudinis
733 1972 862 2026 caveret.
892 1964 1040 2033 Rediens
1057 1986 1129 2051 erpa

114 2067 242 2131 propere
261 2047 455 2127 Campaniam,
477 2048 603 2110 Asturae
621 2051 648 2109 in
663 2049 834 2128 languorem
848 2049 964 2131 incidit,
980 2072 1047 2134 qno
1063 2072 1117 2137 pat-

113 2135 170 2194 lum
186 2133 298 2194 levatus
313 2131 445 2193 Circeios
462 2133 616 2213 pertendit.
648 2134 693 2194 Ac
709 2153 746 2193 ne
762 2150 847 2212 quarn
860 2137 1076 2214 suspicionem
1088 2142 1117 2199 ir·

113 2220 252 2280 firmitatis
271 2218 363 2294 daret,
386 2218 580 2278 castrensibus
598 2218 673 2278 ludis
693 2236 751 2278 non
768 2225 876 2278 tantum
896 2220 1054 2303 interluit,
1077 2220 1120 2285 sel

113 2306 198 2364 etiam
213 2304 330 2362 missum
343 2304 371 2361 iu
387 2301 524 2363 harenam
535 2321 635 2382 aprum
646 2303 747 2363 iaculis
762 2301 889 2381 desuper
899 2306 996 2381 petit;
1017 2310 1119 2371 statin-

114 2406 169 2467 que
190 2387 281 2448 latere
298 2386 438 2446 convulso
457 2396 497 2465 et,
520 2395 549 2447 ut
564 2395 764 2464 exaestuaret,
786 2384 901 2446 aillatus
918 2405 995 2451 aura
1011 2393 1045 2452 in
1062 2409 1136 2471 gra-t

112 2475 223 2531 viorem
238 2471 342 2530 recidit
355 2471 495 2530 morbum.
523 2473 699 2531 sustentavit
716 2480 809 2531 tamen
825 2470 1010 2552 aliquandiu,
1028 2494 1119 2557 qnam·

112 2558 156 2614 vis
165 2555 305 2614 Misenum
316 2573 407 2632 usque
419 2554 559 2615 devectus
572 2556 642 2615 nihil
654 2574 692 2616 ex
707 2555 808 2615 ordine
824 2556 976 2631 cotidiano
989 2568 1119 2638 praeter·
1132 2624 1136 2633 ,

112 2640 255 2714 mitteret,
274 2657 311 2697 ne
327 2639 462 2699 convivia
478 2640 593 2718 quidem
609 2649 656 2700 aut
672 2649 786 2700 ceteras
801 2640 993 2719 voluptates,
1020 2646 1121 2725 partin

112 2722 331 2801 intemperantia
350 2724 452 2800 partim
472 2723 709 2784 dissimulatione.
751 2721 824 2782 Nam
845 2720 1011 2787 Chariclen
1035 2727 1120 2789 medi·

114 2825 194 2882 cum,
218 2805 293 2884 quod
316 2816 475 2867 commeatu
496 2809 623 2868 aluturus
641 2827 658 2868 e
677 2809 812 2868 convivio
828 2808 991 2886 egrediens
1006 2825 1138 2875 manunt

113 2891 168 2952 sibi
184 2890 332 2950 osculandi
350 2909 437 2951 causa
451 2892 706 2972 apprehendisset,
723 2893 889 2953 existimaus
904 2901 1072 2974 temptatas
1088 2894 1119 2957 ab

114 2995 150 3037 eo
165 2994 266 3051 venas,
285 2993 435 3036 remanere
459 2995 493 3037 ac
513 2977 684 3038 recumbere
700 2977 832 3036 hortatus
850 2985 910 3055 est,
935 2997 1119 3061 caenamque

113 3063 264 3141 protraxit.
299 3059 363 3119 Nec
382 3059 515 3122 abstinuit
532 3061 738 3121 consuetudine
758 3061 824 3139 quin
844 3070 913 3121 tunc
932 3080 1061 3144 quoque
1083 3067 1118 3125 iu

114 3155 192 3205 stans
216 3146 244 3203 in
261 3145 355 3205 medio
380 3145 522 3223 triclinio,
541 3154 652 3206 astante
668 3145 789 3223 lictore,
808 3144 940 3223 singulos
956 3148 1067 3209 valere
1082 3148 1118 3209 di·

71 3230 206 3300 tacentis
223 3230 394 3308 appellaret.
433 3229 551 3290 interim
567 3249 630 3290 cum
646 3231 674 3288 in
690 3230 762 3290 actis
778 3240 895 3290 senatus
912 3230 1061 3311 legisset,
1079 3233 1141 3294 dia

113 3315 218 3372 missos
235 3332 270 3373 ac
288 3333 323 3374 ne
337 3314 449 3375 auditos
467 3315 580 3394 quidem
599 3314 739 3393 quosdam
760 3330 838 3391 reos,
860 3313 896 3373 de
920 3314 1032 3393 quibus
1057 3318 1119 3379 stri·

115 3399 182 3457 etim
205 3406 233 3456 et
255 3398 322 3457 nihil
338 3397 413 3458 aliud
429 3417 513 3476 quam
530 3401 691 3459 nominatos
707 3397 743 3458 ab
759 3398 853 3459 indice
869 3400 1049 3479 scripserat,
1066 3417 1119 3483 pro

115 3490 280 3561 contempto
309 3501 341 3541 se
366 3480 493 3542 habitum
519 3483 646 3542 fremens
673 3491 812 3562 repetere
837 3480 971 3563 Capreas
999 3502 1119 3568 quoquo
