2334 3870
441 210 669 264 nonrrssnns.
991 205 1054 265 247

59 387 118 430 non
133 368 269 429 absimilis
283 369 421 445 magistro
438 365 596 445 videbatur,
612 367 733 437 occidit;
757 369 825 428 item
839 368 1054 448 Hermogenem

62 453 232 513 Tarsensem
250 461 373 531 propter
390 450 525 529 quasdam
545 453 574 510 in
595 452 716 512 historia
730 452 854 529 figuras,
876 451 991 513 libraris
1012 463 1054 514 et-

59 539 128 614 iarn,
155 539 202 615 qui
224 554 287 595 eam
314 535 543 612 descripserant,
567 536 645 594 cruci
666 538 741 596 lixis.
786 536 900 596 Patrem
919 536 1052 615 familias,

60 620 135 698 quod
150 620 291 681 Thracem
311 618 483 693 murmilloni
504 637 619 698 parem,
636 622 798 680 munerario
816 621 954 698 imparem
975 620 1053 680 dixe·

33 714 109 781 erat,
126 705 284 763 detractum
300 701 477 781 spectaculis
493 705 522 762 in
537 703 687 780 harenam,
706 704 823 764 canibus
840 704 968 780 obiecit,
992 720 1055 764 cuns

56 787 113 847 hoc
129 788 229 847 titulo:
245 785 342 864 impie
357 787 478 847 locutos
488 787 715 865 parmularius.

122 869 296 948 Complures
314 879 474 947 senatores,
492 872 566 930 iniis
579 870 689 949 aliquot
704 874 880 950 consulares,
894 875 1060 951 interemitq

57 974 95 1013 ex
112 954 214 1033 quibus
231 953 358 1015 civicam
375 953 526 1016 Cerealem
539 957 566 1013 in
579 958 644 1033 ipso
656 954 745 1015 Asiae
759 955 975 1034 proconsulatu,
991 958 1052 1018 Sal·

55 1038 198 1097 vidienum
215 1039 341 1117 Orfitum,
357 1038 479 1098 Acilium
497 1038 682 1100 Glabrionem
697 1040 725 1098 in
742 1039 848 1115 exilio,
871 1041 950 1118 quasi
971 1042 1053 1099 moli·

19 1145 45 1186 to
55 1131 135 1182 tores
150 1141 243 1182 rerum
260 1141 410 1193 novarum;
429 1134 544 1183 ceteros
558 1124 704 1184 levissima
727 1141 869 1202 quemque
892 1123 928 1183 de
951 1141 1053 1185 causa:

54 1206 168 1266 Aelium
184 1207 306 1267 Lamiam
324 1207 361 1267 ob
377 1210 558 1287 suspiciosos
575 1207 704 1287 quidem,
727 1225 826 1266 verum
842 1216 872 1267 et
888 1217 1006 1269 veteres
1024 1217 1054 1268 et

55 1292 189 1347 innoxios
204 1291 301 1365 iocos,
325 1290 402 1366 quod
419 1302 487 1368 post
504 1292 655 1351 abductam
670 1310 790 1352 uxorem
806 1291 931 1353 laudanti
946 1310 1052 1353 vocem

56 1390 136 1430 suam
151 1379 299 1429 eutacto
316 1371 441 1447 dixerat,
458 1374 593 1450 quodque
609 1375 672 1432 Tito
690 1375 814 1433 hortanti
831 1395 862 1434 se
880 1376 915 1435 ad
931 1376 1052 1436 alterum

55 1457 262 1514 matrimonium
295 1455 502 1531 responderat:
533 1445 593 1532 Μὴ
614 1445 735 1514 καὶσὺ
755 1454 901 1534 γαμῆσαι
924 1454 1053 1532 bedese,

20 1538 185 1599 aaSalvium
207 1537 415 1614 Cocceianum,
441 1537 517 1615 quod
539 1536 660 1595 Othonis
680 1539 864 1616 imperatoris
890 1541 983 1617 patrui
1011 1541 1053 1599 sui

38 1632 43 1643 ‘
57 1624 132 1682 diem
147 1621 271 1682 natalem
288 1620 503 1690 celebraverat;
521 1620 649 1680 Mettium
664 1620 894 1700 Pompusianum,
913 1623 990 1700 quod
1003 1623 1052 1683 ba·

55 1708 127 1766 bere
148 1707 361 1785 imperatoriam
381 1705 512 1782 genesim
529 1704 617 1781 vulgo
641 1703 802 1781 ferebatur,
826 1714 854 1764 et
874 1706 952 1784 quod
973 1707 1052 1786 depi-

57 1801 132 1850 ctum
149 1790 248 1850 orbem
264 1799 360 1851 terrae
376 1792 404 1849 in
419 1789 583 1849 membrana
601 1790 811 1866 contionesque
832 1807 933 1866 regum
955 1807 989 1849 ao
1005 1788 1053 1849 du·

56 1894 120 1936 cunr
136 1893 174 1933 ex
188 1874 253 1934 'lito
268 1875 349 1934 Livio
366 1875 579 1950 circumferret,
600 1873 735 1952 quodque
751 1874 845 1932 servis
866 1874 978 1934 nomina
994 1873 1053 1934 bla-

18 1985 46 2024 20
56 1959 140 2035 gonis
158 1967 187 2016 et
199 1954 364 2016 Hannibalis
376 1958 540 2027 indidisset;
558 1957 722 2018 Sallustium
732 1957 881 2017 Lucullum
891 1957 1052 2020 Britanniae

56 2042 192 2116 legatum,
210 2040 286 2118 quod
303 2040 419 2099 lanceas
435 2058 529 2100 novae
541 2041 652 2101 iormae
664 2040 808 2120 appellari
819 2042 971 2102 Luculleas
986 2061 1051 2121 pas·

56 2143 106 2185 sus
123 2132 215 2192 esset;
233 2121 341 2182 lunium
360 2123 516 2199 Rusticum,
537 2124 614 2201 quod
629 2125 711 2185 Paeti
725 2125 874 2186 Thraseae
896 2135 926 2185 et
939 2125 1053 2186 Helvidi

55 2209 148 2269 Prisci
166 2207 266 2268 laudes
278 2207 417 2267 edidisset
429 2206 667 2286 appellassetque
680 2227 732 2269 eos
744 2210 944 2269 sanctissimos
956 2211 1052 2279 viros3

57 2293 138 2352 cuius
160 2292 284 2350 criminis
308 2292 464 2350 occasione
489 2290 682 2370 philosophos
706 2294 797 2351 omnis
820 2293 901 2353 urbs·
912 2292 1053 2371 Italiaque

18 2399 46 2439 as
58 2376 217 2435 summovit.
252 2374 363 2435 Occidit
379 2384 407 2434 et
421 2373 583 2435 Helvidium
599 2375 700 2454 filium,
726 2378 807 2456 quasi
825 2379 963 2438 scaenico
981 2393 1053 2436 euo-

56 2460 103 2518 dio
126 2457 178 2517 sub
204 2476 329 2537 persona
352 2458 461 2519 Paridis
489 2467 518 2519 et
539 2459 674 2520 Oenones
701 2459 852 2521 divortium
880 2478 960 2521 suum
990 2478 1053 2520 cum

55 2560 148 2602 uxore
164 2551 307 2613 taxasset;
321 2543 450 2604 Flavium
463 2543 597 2604 Sabinum
609 2544 729 2604 alterum
742 2564 759 2605 e
770 2545 959 2623 patruelibus,
975 2542 1054 2624 quod

56 2645 121 2688 eurn
139 2627 317 2688 comitiorum
335 2628 525 2688 consularium
544 2628 588 2687 die
605 2627 774 2689 destinatum
797 2647 950 2708 perperam
969 2647 1051 2708 prae·

57 2728 93 2772 co
108 2728 166 2770 non
181 2711 329 2771 consulem
341 2711 377 2772 ad
388 2712 533 2792 populum,
548 2713 600 2772 sed
612 2714 815 2792 imperatorem
829 2714 1052 2792 pronuntiasset.

18 2811 47 2851 so
119 2796 227 2854 Verum
257 2795 402 2874 aliquanto
430 2807 497 2876 post
526 2797 619 2857 civilis
652 2797 721 2858 belli
750 2799 901 2857 victoriam
927 2797 1052 2874 saevior,

59 2881 217 2959 plerosque
239 2882 327 2955 partis
349 2881 507 2956 adversae,
532 2881 596 2941 dum
619 2883 703 2943 etiarn
721 2881 837 2940 latentis
857 2880 993 2941 conscios
1010 2883 1053 2939 in·

56 2964 198 3038 vestigat,
224 2979 300 3021 novo
328 2967 504 3041 quaestionis
528 2983 639 3041 genere
667 2965 814 3042 distorsit,
844 2966 971 3025 immisso
1000 2981 1054 3043 per

58 3046 207 3107 obscaena
221 3046 306 3122 igne;
323 3047 467 3106 nonnullis
483 3058 511 3107 et
525 3066 624 3109 manus
639 3052 805 3128 amputavit.
835 3051 970 3128 Satisque
984 3065 1052 3108 con·

58 3139 131 3206 stat,
155 3127 228 3188 dnos
249 3129 330 3189 solos
351 3149 368 3191 e
388 3132 548 3192 notioribus
564 3134 648 3193 venia
672 3134 809 3211 donatos,
831 3135 974 3193 tribunum
990 3131 1052 3192 lati·

19 3233 47 3274 15
59 3213 183 3274 clavium
200 3221 229 3272 et
244 3215 452 3294 centurionem,
468 3218 575 3295 quise,
594 3235 650 3296 quo
665 3217 780 3278 facilius
796 3226 935 3298 expertes
948 3216 1052 3296 culpae

57 3296 261 3374 ostenderent,
286 3298 448 3378 impudicos
470 3302 664 3380 probaverant
686 3311 716 3362 et
738 3302 776 3362 ob
797 3301 826 3362 id
852 3319 949 3381 neque
975 3299 1051 3380 apud

56 3380 159 3441 ducem
175 3398 269 3460 neque
286 3381 362 3463 apud
376 3385 481 3445 milites
495 3385 580 3446 ullius
598 3371 977 3468 momMpotuisse,

118 3463 189 3524 Erat
204 3475 297 3526 autem
312 3485 369 3527 non
389 3469 480 3529 solum
500 3489 640 3550 magnae,
658 3470 710 3532 sed
729 3472 812 3531 etiarn
825 3470 948 3532 callidae
959 3469 1091 3549 inopi-ll
