2286 3862
152 194 193 255 22
238 205 267 253 c.
283 201 433 252 sunnam
450 196 578 255 seruo.
598 195 646 243 nu
660 194 744 243 vrrs
761 192 957 243 consanum
976 191 1055 241 nun.
1070 190 1094 240 1.

154 361 262 435 micea,
297 375 353 419 oro
383 361 433 425 te;
465 351 589 432 quoodo
613 356 718 413 aotam
732 355 794 426 sat,
824 354 855 410 ct
880 346 966 429 pisid
985 348 1046 411 itta
1073 346 1126 411 tibi

155 445 231 526 quid
256 442 304 503 illi
329 447 392 502 tote
415 436 549 499 dederis.
589 434 701 497 Gallico
732 434 857 512 denique
883 432 1047 512 triumplro
1075 432 1139 493 milit

157 532 218 590 eins
233 529 308 588 inter
326 534 425 585 cetera
441 525 584 596 carmina,
608 518 703 599 qualia
719 534 836 579 currum
849 526 1089 597 prosequentes
1102 518 1139 579 ior

157 615 256 674 lariter
273 619 393 686 canunt,
416 607 501 667 etiam
513 603 585 667 illud
599 604 829 681 vulgatissimum
844 602 1134 681 pronuntiaverunt:

285 699 388 754 Gabios
401 695 506 752 Cacsar
517 694 634 766 subepit,
655 692 819 749 Nicomedes
831 689 1008 747 manresa:

283 782 357 837 Ecce
371 781 476 838 Oocsor
489 795 565 835 nunc
578 776 732 848 triumphat
746 777 796 848 poi
812 774 919 847 mobepii
931 773 1061 840 maias.

284 864 445 921 Nicomedes
458 878 515 920 non
528 861 680 934 triumphat
694 859 853 933 quisobspii
864 857 1040 918 caeam.

115 960 151 1015 to
159 949 284 1010 Pronum
307 953 336 1005 et
357 952 555 1024 sumptuosum
575 943 604 1002 in
628 940 762 1002 libidines
783 938 875 999 inisse
902 947 1061 1001 constans
1086 940 1139 1020 opii

158 1041 217 1109 est,
240 1030 435 1110 plurimasque
453 1036 482 1087 at
506 1027 635 1086 illustres
657 1025 777 1086 feminas
799 1022 994 1102 corrupisse,
1022 1024 1057 1083 iu
1081 1022 1139 1105 quil

157 1115 332 1177 Postumiam
353 1113 438 1174 Servi
460 1110 599 1190 Sulpicii,
623 1108 743 1170 Lolliam
765 1107 834 1168 Auli
853 1105 980 1184 Gabini,
1016 1107 1139 1169 Tertulli

157 1200 249 1261 llarci
265 1198 381 1274 Crassi,
405 1198 491 1257 etiam
513 1192 574 1255 CN.
589 1194 709 1275 Pompei
731 1193 864 1255 blucian.
893 1189 973 1253 Nam
992 1201 1086 1254 certe
1099 1192 1139 1255 Pu

159 1285 226 1364 peio
243 1291 273 1342 et
295 1302 312 1343 a
335 1279 509 1343 Curionibus
526 1287 610 1359 patre
630 1287 661 1339 et
680 1279 739 1340 filio
761 1286 791 1338 et
806 1295 823 1338 a
837 1275 936 1337 multis
960 1277 1139 1358 exprobret!

159 1377 222 1446 est,
250 1365 328 1447 quod
350 1366 431 1426 cuius
456 1381 543 1426 eausa
563 1372 631 1444 post
651 1372 712 1424 tres
734 1363 845 1425 liberos
866 1361 1036 1439 exegisset
1060 1376 1139 1425 uxore

160 1462 190 1513 et
220 1469 305 1532 quem
335 1468 457 1528 gemens
490 1448 662 1526 Aegisthum
691 1447 843 1528 appellare
869 1456 1083 1526 consuesset,
1113 1446 1139 1509 ti

160 1544 264 1617 postea
286 1536 372 1597 illlam
394 1535 542 1615 potentiae
569 1533 725 1612 cupiditate
744 1532 773 1592 in
795 1530 1017 1592 matrimonium
1044 1532 1139 1613 reoepi

160 1629 215 1680 set.
242 1620 301 1681 Sed
332 1628 397 1681 aute
421 1620 493 1679 alias
516 1617 618 1677 dilexit
642 1617 732 1678 Marsi
752 1615 832 1677 Bruti
855 1622 983 1676 matrem
1009 1616 1139 1679 Seruili·

160 1707 205 1765 eui
228 1713 258 1764 et
280 1705 371 1782 primo
396 1719 449 1762 suo
475 1700 626 1760 consulatu
647 1701 803 1779 sexagiens
820 1700 961 1761 sestertio
986 1702 1139 1782 maroam

158 1796 303 1846 mercatus
324 1794 370 1844 est
392 1794 421 1844 et
442 1783 521 1845 bello
546 1784 624 1843 civili
645 1803 735 1863 super
757 1785 828 1845 alias
850 1783 1036 1848 donationes
1065 1784 1139 1869 umpi

160 1873 231 1932 sima
254 1867 372 1948 praedia
403 1887 439 1927 ex
471 1866 652 1928 auctionibus
675 1869 776 1928 bastae
797 1870 912 1929 minimo
946 1869 1086 1943 addixit;
1112 1885 1139 1933 cu

160 1952 289 2033 quidem,
312 1952 461 2031 plerisque
482 1950 621 2012 vilitatem
642 1952 826 2032 mirantibus,
848 1952 1042 2017 facetissime
1072 1954 1139 2019 cies

161 2034 230 2110 Quo
263 2035 387 2114 melios,
417 2038 521 2115 inquit,
556 2045 687 2115 emptam
713 2037 842 2115 sciatis,
875 2035 987 2099 Tertio
1019 2040 1139 2105 driaco

160 2119 377 2182 existimabatur
399 2122 474 2181 enim
495 2121 620 2182 Servilia
637 2123 723 2184 etiam
747 2123 834 2183 illlam
850 2139 932 2181 suam
947 2122 1090 2189 Tertiam
1105 2123 1139 2187 tr

117 2220 151 2273 51
162 2206 220 2267 sari
243 2206 409 2267 conciliare.
443 2205 489 2266 Ne
510 2206 738 2285 provincialibus
767 2207 882 2287 quidem
904 2206 1139 2273 matrimoniisi

160 2289 308 2368 stinuisse,
334 2291 381 2351 vel
398 2291 456 2351 boc
473 2289 596 2352 disticho
612 2301 734 2372 apparet
757 2293 864 2353 iactato
882 2308 980 2372 aeque
999 2312 1020 2357 a
1038 2294 1139 2359 militib

159 2394 213 2455 per
230 2374 369 2438 Gallicum
385 2375 572 2454 triumphum:

227 2465 346 2533 Urbani,
363 2468 471 2519 seruate
492 2478 607 2528 uacorcs,
631 2463 773 2519 moechum
790 2464 894 2521 coloom
913 2464 1102 2529 adducimus.

221 2546 332 2601 ,dorum
347 2549 375 2600 in
393 2546 483 2601 Gallio
499 2547 645 2617 effutuisti,
667 2546 712 2602 itio
725 2550 867 2619 sumpsisti
881 2552 1026 2609 mutuom.

117 2623 269 2685 leilexit
299 2635 329 2684 et
357 2626 492 2702 reginas,
527 2627 603 2684 inter
633 2644 704 2705 quas
728 2624 850 2688 Eunoen
875 2627 1012 2692 mnam
1046 2630 1139 2715 Bopui

160 2723 296 2785 uxorem,
318 2707 363 2767 eui
384 2709 543 2787 maritoque
565 2702 627 2769 eius
644 2710 767 2789 plurima
789 2721 819 2772 et
842 2713 983 2775 immensa
1000 2718 1139 2799 tribuit‚'

158 2788 238 2850 Naso
262 2793 393 2870 scripsit,
417 2791 469 2853 sed
490 2794 612 2854 maxime
637 2793 837 2874 Cleopatram,
875 2814 941 2858 cum
964 2816 1031 2879 qua
1055 2812 1088 2865 at
1107 2818 1139 2865 ou

158 2875 234 2934 vivia
249 2876 277 2934 in
293 2877 412 2956 primam
427 2877 521 2937 lucem
540 2896 630 2958 saepe
648 2882 791 2957 protraxit
817 2890 847 2941 et
862 2880 965 2943 eadem
979 2890 1068 2949 nave
1087 2886 1139 2951 tbi

158 2975 246 3036 mogo
276 2978 369 3039 paene
400 2961 556 3042 Aethiopia
590 2972 673 3024 tenus
701 2964 870 3045 Aegyptum
899 2970 1139 3053 penetrarier*

160 3044 307 3103 exereitus
326 3046 409 3124 sequi
425 3056 610 3126 recusasset,
634 3067 717 3127 quam
733 3049 858 3129 denique
877 3051 1004 3114 accitam
1025 3058 1058 3117 in
1075 3056 1139 3119 urbt

158 3125 272 3188 nonnisi
288 3131 417 3190 maximis
431 3130 591 3192 honoribus
606 3136 788 3213 praemisque
804 3144 915 3196 auctam
924 3138 1060 3221 remisit,
1075 3140 1139 3205 aliu

159 3229 215 3291 qne
230 3221 325 3273 natum
342 3215 494 3293 appellare
515 3218 630 3278 nomine
651 3235 704 3278 suo
726 3236 830 3298 passus
847 3229 902 3280 est.
941 3221 1045 3296 Quem
1060 3224 1139 3309 quilla

157 3296 286 3358 nonnulli
305 3296 483 3361 Graecorum
497 3301 619 3362 similem
634 3320 750 3382 quoqne
768 3301 886 3365 Caesari
908 3313 938 3364 et
959 3305 1065 3374 iorma
1089 3308 1139 3375 etl

160 3394 245 3440 cesso
266 3381 452 3444 tradiderunt.
495 3385 534 3446 Μ.
558 3385 702 3448 Antonius
722 3386 867 3465 adgnitum
890 3389 977 3451 etiam
1005 3394 1048 3456 ab
1067 3412 1139 3460 m

157 3464 234 3523 natui
255 3465 432 3547 adfirmavit,
456 3487 530 3549 quae
551 3471 629 3532 scire
650 3470 683 3533 G.
706 3473 823 3534 blatium
843 3483 873 3534 et
894 3472 1086 3571 039ppium
1105 3478 1139 3543 rcl
