2286 3862
104 220 166 284 288
380 231 410 279 c.
429 230 593 279 suanorum
610 226 827 289 rusucurium

104 388 222 468 quillum
237 387 437 466 Graecumque
452 385 649 468 Apollonium.
675 380 888 463 Hieronymus
901 384 950 447 od
958 384 1118 451 Desideri-

103 490 155 533 om
169 479 189 533 t.
209 481 268 550 tp.
286 479 341 532 211
351 468 432 532 Vult.
465 468 575 546 legisti
591 471 664 528 euim
679 475 709 528 ct
723 466 862 529 Graecos
876 468 1053 550 stlatinos,
1071 476 1118 554 qui

103 562 178 620 sitas
202 557 330 616 virorum
350 555 502 614 illustrium
515 552 750 631 descripserunt,
775 552 859 632 quod
874 570 1015 633 nusquam
1027 556 1060 619 E
1061 578 1085 638 p
1092 562 1115 619 i·

103 642 267 723 taphium
287 638 399 699 titulum
413 637 584 713 indiderint,
608 633 661 695 sed
684 634 726 695 de
746 634 977 699 illustribus
997 642 1108 719 viris,

103 727 187 788 serbi
210 726 304 803 gratia
329 721 468 799 ducibus,
500 719 702 801 philosophis,
733 720 927 799 oratoribus,
955 720 1125 802 historiast

104 812 202 892 poetis
225 808 318 886 epicis
338 808 460 884 tragicis
479 806 599 865 comicis
620 803 678 884 (ul.
696 806 810 885 poetis,
828 806 962 883 ethicis,
977 806 1105 887 pbpsicis,

104 893 242 970 tragicis,
260 890 405 969 comicis.)
435 888 640 969 Hieronymus
657 887 701 948 ad
712 886 927 969 Augustianos
942 896 966 953 t.
986 898 1044 971 tp.
1059 900 1111 954 tas

110 976 247 1038 Vellera.
286 971 334 1055 [Iu
349 975 489 1036 chronico
503 974 670 1034 Eusebiauo
686 990 703 1034 s
718 973 816 1053 nobis]
830 992 913 1035 nunc
930 974 1033 1037 addita
1046 994 1113 1037 nunc

104 1064 192 1123 mixta
208 1069 274 1120 sunt
289 1059 427 1138 plurima,
443 1076 517 1137 quae
533 1058 569 1118 de
589 1056 758 1135 Tranquillo
775 1066 804 1117 et
821 1060 940 1119 ceteris
959 1058 1110 1121 illustribus

105 1145 255 1207 historicis
284 1145 481 1202 curiosissime
504 1144 713 1221 excerpsimus.
748 1138 969 1223 Hieronymus
991 1143 1128 1225 pruq‘oo

107 1231 189 1290 tiam
204 1224 248 1286 od
263 1223 448 1303 Gbrona'coo,
472 1231 492 1285 t.
509 1233 574 1305 8p.
592 1234 610 1286 7
628 1224 765 1287 Vellera.

171 1309 203 1370 C.
234 1310 390 1370 Suetonius
417 1312 535 1389 scripsit
555 1311 591 1371 de
614 1313 685 1371 viris
705 1308 889 1387 illustribus,
914 1315 1007 1375 cuius
1027 1332 1105 1375 exen-

106 1396 184 1477 plum
201 1401 319 1455 secutus
332 1394 527 1471 Hieronymus
544 1397 610 1475 ipse
625 1412 741 1475 quoque
756 1393 889 1455 libellum
911 1395 955 1457 de
973 1400 1105 1480 scriptori

107 1482 161 1540 bus
177 1478 342 1541 christianis
360 1478 456 1540 edidit.
484 1477 586 1558 Nuper
601 1483 684 1540 etiam
692 1478 942 1540 Bartholomaeus
955 1480 1065 1545 Fusius
1076 1482 1106 1542 ie

107 1565 226 1624 miliaris
242 1570 342 1623 noster
358 1564 394 1623 de
406 1566 477 1624 viris
491 1561 652 1625 illustribus
666 1565 806 1643 temporis
821 1564 866 1622 sui
881 1562 987 1627 libros
1002 1574 1126 1646 compat

109 1657 306 1808 {tituli
320 1647 1108 1815 bicipiti‚¹lti³t.i;t..¹ti.t‘ttttitff

108 1816 198 1876 Paulo
221 1817 296 1874 enim
318 1825 384 1895 post
400 1818 460 1876 eius
475 1827 595 1876 mortem
609 1818 638 1876 iu
655 1816 749 1876 lucem
770 1814 940 1894 redierunt,
969 1836 1037 1881 cum
1050 1818 1109 1879 mul·

110 1911 155 1960 tos
171 1916 264 1958 annos
283 1898 439 1960 desiderati
453 1918 469 1961 a
485 1899 580 1961 doctis
595 1899 757 1961 bominibus
776 1908 886 1960 esseut.
919 1900 1110 1984 Temporibus

111 1983 183 2042 enim
204 1981 319 2042 Nicolai
346 1986 435 2062 quinti
457 1986 602 2064 pontilicis
624 1986 737 2045 maximi
761 1986 1131 2067 [1447-145511tmur

112 2066 275 2126 Asculanus
289 2071 316 2126 in
334 2067 454 2128 Galliam
467 2078 496 2128 et
508 2067 573 2127 inde
586 2070 614 2127 in
628 2069 808 2130 Germaniam
822 2069 984 2148 proiectus
1000 2072 1110 2153 conqui-

110 2150 264 2212 rendorum
281 2150 418 2212 librorum
433 2154 524 2230 gratia
537 2154 592 2214 bos
612 2171 772 2232 quanquam
786 2154 951 2215 mendosos
966 2165 999 2218 et
1016 2158 1110 2237 imper

110 2236 205 2296 iectus
219 2236 254 2294 ad
268 2254 322 2296 nos
335 2237 440 2296 retulit.
453 2235 506 2296 Cui
519 2236 700 2298 sichabenda
714 2247 757 2297 cst
768 2239 871 2316 gratia,
879 2247 913 2297 ut
922 2240 1007 2301 male
1015 2242 1110 2321 impre

112 2319 232 2380 candum
249 2329 293 2379 est
301 2319 438 2380 Sicconio
451 2319 768 2398 PolentonoPatavino,
777 2323 824 2401 qui
842 2340 908 2382 cum
926 2342 996 2385 eam
1008 2334 1110 2405 parton

112 2412 246 2483 quaeest
267 2404 309 2464 de
333 2405 551 2466 oratoribus
579 2424 618 2467 ac
645 2408 772 2484 poetis
791 2407 974 2486 invenisset,
996 2410 1128 2487 tusus-u

110 2488 221 2566 pressit
234 2497 265 2547 ut
279 2507 316 2548 ne
330 2507 454 2568 unquam
465 2491 493 2549 in
507 2490 602 2551 lucem
614 2492 714 2550 venire
725 2499 838 2569 posset.
866 2490 965 2567 Quam
980 2510 1047 2573 ego
1058 2508 1108 2555 cu!

110 2572 221 2632 Patavii
238 2575 451 2652 perquirerem,
467 2575 582 2634 tandem
603 2576 701 2653 reperi
717 2592 779 2635 eam
801 2573 904 2635 abillo
922 2576 1025 2639 fuisse
1046 2594 1105 2639 uo}

110 2655 222 2716 bustam
238 2659 389 2736 ipsumque
403 2660 569 2736 arrogantia
588 2677 623 2720 ao
643 2661 805 2719 temeritate
821 2658 980 2739 impulsum
1000 2661 1110 2723 desitis

111 2738 266 2799 illustrium
283 2743 456 2820 scriptorum
468 2743 671 2821 loquacissime
684 2745 793 2821 pariter
804 2751 833 2803 et
844 2743 1039 2822 ineptissime
1049 2744 1111 2807 scri·

112 2824 208 2901 psisse
233 2824 271 2901 [a.
296 2825 399 2904 1433.]
430 2824 581 2888 lucianus
601 2826 761 2889 Pantanus
783 2824 897 2887 Umber
921 2844 954 2888 a.
981 2838 1068 2893 1460
1085 2828 1132 2889 ira

112 2905 324 2971 codicemque
349 2908 507 2989 Leidcrssr',
535 2913 586 2973 orti
611 2911 785 2990 inscripsit:
815 2909 848 2970 C.
868 2910 1007 2973 Suetonii
1032 2913 1113 2975 Trsn·

112 2989 193 3067 quilii
218 2990 254 3049 de
278 2996 348 3054 viris
372 2994 531 3055 illustribus
553 2996 628 3056 liber
649 2997 760 3074 incipit.
793 2994 837 3055 De
854 3000 1072 3073 grammaticis.
1091 3002 1116 3057 ot

111 3072 312 3219 pobscqp‘pst't:
345 3077 477 3158 Amplius
499 3089 646 3158 repertum
668 3096 725 3139 non
748 3088 793 3139 est
808 3078 910 3139 adbuc.
930 3080 1044 3144 desunt
1056 3082 1114 3143 rbe

124 3176 191 3218 ures
252 3205 259 3218 .

181 3246 279 3294 Incerto
298 3261 399 3297 rumore
419 3251 547 3314 accepisse
566 3250 682 3309 videtur,
708 3263 773 3312 quae
794 3249 826 3298 de
846 3247 965 3301 Sicccuis
981 3250 1135 3305 sormunt

113 3308 203 3361 incude
220 3322 319 3374 narrat;
340 3323 365 3364 at
379 3316 440 3365 illud
454 3318 518 3367 boue
539 3319 668 3368 Pontanus
681 3317 817 3380 intellexit,
841 3316 997 3371 Suessulam
1024 3322 1115 3389 operis,

114 3379 181 3441 quad
198 3381 229 3430 de
246 3383 416 3434 Romanarum
435 3387 496 3437 viris
514 3386 654 3437 illustribus
672 3385 799 3447 exstabat,
810 3386 965 3453 particulam
982 3404 1047 3443 esse
1064 3404 1117 3441 eunt

112 3446 236 3512 libellum,
251 3466 325 3515 quam
337 3467 415 3518 supra
429 3469 455 3519 p.
474 3454 525 3504 257
543 3471 598 3518 sqq.
614 3455 760 3517 retulimus,
778 3455 810 3505 de
826 3457 1006 3521 mammuticls
1023 3468 1051 3511 st
1063 3458 1117 3511 rba-

112 3516 224 3580 toribus,
237 3526 260 3568 et
276 3520 324 3571 hoo
336 3530 402 3571 recte
418 3522 551 3584 iudicavit,
574 3523 713 3574 desiderari
726 3538 769 3575 eus
783 3534 886 3590 partes,
904 3539 974 3589 quae
992 3538 1072 3580 erant
1089 3528 1116 3579 dr
