2286 3862
111 214 169 276 112
191 224 221 273 c.
238 221 390 271 sunnoau
408 217 537 277 nosue.
553 217 601 264 nn
617 215 700 263 vrrs
715 213 904 263 emesenus
920 214 1000 265 nnn.
1016 216 1074 267 111.

108 383 158 442 tim
174 399 207 441 se
222 378 297 440 domi
310 376 534 435 vulneraverunt
546 373 620 433 certi
630 370 821 432 damnationis
836 378 868 431 ct
881 368 921 433 sd
935 370 1123 433 vexanones

108 464 350 544 ignominiamque
360 458 514 534 vitandam,
524 458 627 535 partim
642 458 671 515 in
683 453 779 515 media
794 455 877 515 curia
892 472 1053 516 venenum
1066 454 1121 517 liae

108 557 221 618 serunt;
244 555 273 606 et
295 555 390 605 tamen
410 542 566 619 conligatis
588 538 756 601 vulneribus
771 555 807 599 ac
821 540 1026 601 semianimes
1043 540 1118 619 pslpi

108 642 260 712 tantosque
282 628 375 690 adhuc
394 628 424 686 in
441 644 591 687 carcerem
611 626 695 704 rapti.
724 622 818 685 Nemo
832 624 1017 704 punitorum
1032 626 1113 685 noris

109 717 264 780 Gemonias
285 713 417 774 abiectus
437 727 573 788 uncoque
595 718 721 785 tractus,
745 708 847 786 viginti
870 725 935 771 uno
955 708 1012 769 dic
1030 708 1119 771 amns

108 803 267 878 tractique,
293 798 368 857 inter
395 813 448 855 eos
473 794 597 854 leminae
620 803 650 853 et
672 795 764 874 pueri.
795 792 980 855 Immaturae
1004 790 1112 875 puel»,

110 888 176 966 quia
196 900 278 943 more
302 879 407 941 tradito
428 880 513 941 naias
534 887 615 939 esset
636 879 766 955 uirgines
786 877 995 956 amangulari,
1019 878 1117 939 stiam

110 970 190 1049 prius
206 986 222 1027 a
238 966 391 1044 carnifice,
412 964 479 1025 dein
493 962 702 1040 strangulatae.
738 962 814 1025 Mori
829 960 1014 1025 volentibus
1028 960 1119 1024 vistl-

108 1052 198 1115 lriltita
224 1048 351 1111 vivendi.
382 1049 455 1110 Nam
474 1056 596 1107 mortem
613 1046 687 1108 adeo
707 1047 774 1109 levo
795 1045 984 1126 supplicium
1001 1046 1121 1130 putabat,

109 1147 139 1199 ut
162 1156 226 1198 cum
244 1134 372 1195 audisset
387 1150 471 1192 unum
485 1150 502 1191 e
516 1133 592 1207 reis,
616 1130 771 1192 Carnulum
784 1132 922 1209 nomine,
948 1134 1138 1213 anticipasse

109 1239 189 1297 eam,
210 1217 434 1279 exclamaverit:
465 1214 623 1277 Catmelus
641 1234 689 1277 mc
712 1216 820 1277 eoum.
858 1215 897 1277 Et
920 1218 955 1276 in
981 1234 1123 1296 recogno

109 1303 226 1365 scandis
254 1299 393 1362 custodiis
419 1302 551 1381 precanti
577 1300 688 1361 cuidam
713 1318 827 1382 poenae
848 1302 1063 1363 maturitatem
1088 1318 1123 1361 re

109 1386 244 1468 spondit:
263 1385 407 1447 Nondum
428 1391 526 1447 tecum
545 1385 578 1446 irs
596 1386 734 1465 qratiam
749 1384 840 1447 rodii.
873 1384 1057 1448 Annalibus
1076 1384 1123 1445 sris

108 1474 153 1532 vir
176 1471 338 1532 consularis
359 1471 493 1548 inseruit,
516 1470 661 1548 frequenti
682 1469 826 1549 quondam
847 1470 1022 1548 convivio,
1048 1472 1124 1533 cuist

108 1559 174 1636 ipse
188 1556 317 1632 affuerit,
340 1557 548 1633 interrogatum
562 1573 627 1615 eum
640 1553 735 1615 subito
752 1563 782 1615 et
795 1552 875 1615 clare
890 1571 909 1615 a
926 1555 1070 1633 quodam
1083 1572 1137 1617 nrt

109 1658 147 1700 no
174 1650 285 1700 astante
308 1658 427 1699 mensae
450 1641 524 1699 inter
546 1657 688 1718 cupreas,
715 1657 766 1701 cur
787 1637 937 1699 Paconius
963 1638 1122 1701 maiestatis

108 1743 177 1785 reus
197 1733 254 1784 tam
275 1722 322 1782 diu
339 1725 465 1799 viveret,
488 1725 584 1782 statim
599 1724 715 1801 quidem
731 1721 919 1803 petulantiam
934 1722 1069 1802 linguae
1083 1722 1121 1785 ol·

35 1871 54 1881 ,¹
108 1810 258 1886 iurgasse,
286 1815 412 1865 ceterum
433 1815 502 1885 post
524 1824 634 1883 paucos
651 1807 714 1867 dies
729 1808 885 1887 scripsisse
900 1810 1030 1869 senatui
1047 1806 1120 1871 nttlt

111 1909 207 1971 poena
223 1889 332 1950 Paconi
350 1907 434 1967 quam
449 1891 570 1967 primum
586 1900 735 1952 statueret.

68 1983 102 2037 62
173 1974 262 2032 Auxit
276 1972 454 2052 intenditque
466 1976 629 2053 saevitiam,
645 1975 838 2037 exacerbatus
852 1973 965 2035 indicio
980 1976 1025 2038 de
1038 1986 1126 2039 morto

110 2058 160 2118 lilii
182 2058 226 2116 sui
247 2056 344 2117 Drusi.
381 2058 474 2132 Quem
497 2076 561 2118 cnm
582 2061 685 2121 morbo
708 2067 738 2120 et
758 2061 989 2139 intemperantia
1013 2064 1119 2142 periast

111 2144 305 2218 existimaret,
329 2150 358 2202 ut
379 2142 492 2203 tandem
513 2162 628 2204 veneno
650 2147 852 2223 interemptum
870 2143 977 2215 fraude
1002 2144 1119 2215 Livius

109 2228 210 2287 uxoris
226 2234 312 2305 atque
328 2227 424 2287 Seiani
443 2230 595 2306 cognovit,
618 2247 713 2308 neque
727 2228 877 2289 tormentis
891 2245 995 2307 neque
1014 2229 1118 2312 suppl

111 2313 158 2371 cio
178 2312 344 2389 cuiusquam
366 2314 515 2391 pepercit,
538 2314 594 2373 soli
619 2314 686 2374 lnuic
701 2314 861 2391 cognitioni
876 2312 953 2375 adeo
968 2331 1034 2393 per
1049 2324 1119 2377 totos

110 2397 171 2455 dies
186 2395 297 2456 deditus
317 2405 345 2455 et
365 2397 507 2475 intentus,
530 2407 560 2457 ut
573 2398 769 2459 Rhodiensem
784 2397 950 2476 hospitem,
975 2416 1072 2477 quem
1084 2398 1136 2459 las

109 2479 266 2540 miliaribus
278 2480 382 2541 litteris
397 2482 518 2543 Romam
533 2492 687 2558 evocarat,
709 2481 863 2543 advenisse
876 2479 932 2541 silti
947 2486 1119 2557 nuntiatum,

109 2565 240 2643 torqueri
255 2566 317 2624 sine
329 2582 410 2624 mora
425 2567 551 2642 iusserit,
567 2569 649 2646 quasi
664 2567 769 2646 aliquis
783 2584 822 2627 er
836 2568 1023 2629 necessariis
1036 2584 1119 2648 quac·

110 2649 197 2708 stioni
215 2647 342 2725 adesset,
359 2648 462 2709 deinde
478 2668 579 2710 errore
597 2651 729 2728 detecto,
751 2660 780 2713 et
794 2650 905 2727 occidi,
926 2667 965 2711 ne
984 2653 1121 2733 vulgaret

109 2732 249 2791 iniuriam.
282 2730 472 2793 Carnifieinae
498 2736 560 2793 eius
583 2735 742 2795 ostenditur
763 2736 846 2798 locus
871 2732 1018 2813 Capreis,
1048 2736 1120 2799 unde

110 2815 259 2875 damnatos
271 2824 339 2894 post
353 2816 442 2894 longa
458 2827 488 2878 et
499 2821 642 2897 exquisita
656 2829 798 2881 tormenta
813 2819 1008 2898 praecipitari
1023 2832 1140 2883 coramat

110 2918 143 2960 se
163 2901 285 2959 inmane
301 2900 434 2979 iubebat,
456 2905 620 2982 excipiente
638 2905 853 2965 classiariorum
869 2921 954 2964 manu
971 2914 1007 2965 et
1027 2907 1121 2969 contis

109 2994 195 3063 atque
213 2986 301 3044 remis
323 2985 448 3048 elidente
471 2987 627 3066 cadavera,
650 3008 687 3049 ne
709 2991 754 3049 cui
775 2988 884 3049 residui
899 2988 1028 3066 spiritus
1043 2991 1120 3071 quio·

111 3087 195 3148 quam
218 3071 338 3129 inesset.
371 3070 601 3150 Excogitaverat
622 3082 715 3133 autem
738 3074 813 3134 inter
835 3089 947 3151 genera
971 3078 1121 3137 cruciatu

110 3154 209 3230 etiam,
228 3163 258 3214 ut
274 3154 357 3232 larga
373 3157 443 3216 meri
462 3159 581 3234 potione
594 3175 648 3236 per
658 3159 803 3219 fallaciam
816 3165 971 3234 oneratos,
991 3168 1121 3240 repente

108 3239 234 3297 ueretris
247 3237 399 3317 deligatis,
423 3241 601 3302 fidicularum
619 3243 702 3303 simul
716 3245 874 3321 urinaeque
890 3251 1045 3307 tormento
1064 3244 1142 3307 dis-s

108 3321 250 3382 tenderet.
282 3324 436 3399 Quodnisi
454 3345 518 3385 eum
536 3337 565 3386 et
581 3346 659 3388 mors
671 3329 873 3407 praevenisset
896 3336 925 3387 et
941 3326 1121 3407 Thrasyllus

110 3407 255 3486 consulto,
274 3418 304 3468 ut
322 3411 406 3488 aiunt,
421 3408 538 3470 differre
554 3412 694 3491 quaedam
711 3432 766 3492 spe
783 3412 926 3490 longioris
943 3412 1026 3475 vitae
1039 3434 1119 3477 com·

108 3489 249 3571 pulisset,
271 3493 371 3573 plures
392 3494 538 3574 aliquanto
561 3506 715 3558 necaturus
737 3517 773 3558 ac
794 3515 832 3557 ne
852 3495 974 3576 reliquis
998 3499 1121 3579 quidem
