2286 3862
390 195 494 244 muns
510 194 699 244 nuncnune.
1020 186 1057 248 71

60 359 90 410 et
105 352 166 410 sine
179 366 322 411 marmore
338 349 399 410 ullo
413 358 460 410 aut
471 351 576 428 insigni
589 351 753 430 pavimento
769 352 928 413 conclavia.
945 349 991 411 Ac
1006 370 1060 432 per

59 452 151 494 annos
168 435 289 515 amplius
307 432 495 513 quadraginta
514 435 617 494 codem
635 434 771 495 cubiculo
789 436 883 495 bieme
902 444 931 495 et
949 443 1060 497 aestate

61 523 172 596 mansit,
189 519 318 598 quamvis
334 534 433 596 parurn
445 517 588 578 salubrem
604 518 753 579 valitudini
768 537 838 578 suae
853 519 955 579 urbem
965 518 1059 580 bienm

60 605 256 682 experiretur,
280 602 451 680 assidueque
474 603 503 661 in
522 602 594 662 urbe
616 603 765 663 hiemaret.
802 603 967 684 Siquando
993 602 1061 682 quid

35 697 177 747 tsecreto
199 695 246 746 aut
262 686 324 744 sine
342 685 577 763 interpellatione
592 704 681 762 agere
697 689 916 767 proposuisset,
940 696 1002 747 erat
1018 686 1060 746 illi

57 773 141 831 locus
167 772 195 829 in
216 769 294 829 edito
320 769 490 846 singularis,
516 787 600 848 quom
622 769 781 843 Syracusas
803 780 832 831 et
853 768 1060 848 technophyon

58 854 197 914 vocabat:
210 854 266 912 buc
278 853 427 929 transibat,
440 854 528 913 autin
540 852 659 912 alicuius
671 853 839 914 libertorum
851 853 1058 922 suburbanum;

59 956 150 1015 aeger
176 945 270 997 antem
293 938 322 996 in
348 937 433 996 domo
455 937 632 996 Maecenatis
656 935 788 996 cubabat.
826 937 872 997 Ex
892 937 1060 998 secessibus

58 1022 216 1100 praecipue
235 1022 430 1100 frequentavit
450 1021 589 1079 maritima
609 1020 775 1099 insulasque
799 1019 990 1100 Campaniae,
1012 1029 1060 1082 aut

20 1122 47 1164 so
57 1106 188 1184 proxima
203 1103 267 1163 urbi
283 1104 405 1182 oppida,
421 1103 586 1178 Lanuvium,
600 1101 774 1180 Praeneste,
791 1103 896 1182 Tibur,
914 1104 960 1164 ubi
976 1106 1060 1164 etiarn

55 1191 83 1248 in
106 1189 266 1267 porticibus
285 1187 422 1247 Herculis
445 1188 544 1265 templi
568 1204 713 1266 persaepe
735 1189 779 1246 ius
797 1188 876 1247 dixit.
906 1187 1012 1266 Ampla
1032 1195 1061 1247 et

55 1290 182 1350 operosa
205 1273 350 1350 praetoria
366 1271 550 1348 gravabatur.
581 1270 618 1330 Et
633 1272 728 1349 neptis
745 1272 858 1350 quidem
874 1291 943 1332 suae
958 1272 1058 1349 Iuliae,

56 1357 175 1435 profuse
201 1355 236 1414 ab
262 1373 297 1413 ea
319 1363 467 1431 extructa,
495 1356 580 1414 etiam
605 1354 689 1413 diruit
717 1354 752 1414 ad
773 1356 884 1432 solum,
914 1376 965 1416 sua
985 1372 1057 1414 vero

58 1440 186 1517 quamvis
208 1438 321 1496 modica
343 1445 478 1496 nontam
502 1446 657 1496 statuarum
680 1436 896 1517 tabularumque
918 1441 1059 1517 pictarum

22 1541 48 1581 aa
59 1531 169 1597 ornatu,
186 1538 269 1600 quarn
285 1522 378 1595 xystis
395 1529 424 1579 et
438 1520 603 1579 nemoribus
616 1519 744 1579 excoluit
755 1521 901 1599 rebusque
913 1529 1059 1583 vetustate

57 1625 92 1666 ac
106 1607 224 1665 raritate
240 1603 429 1664 notabilibus:
446 1603 541 1684 qualia
557 1613 621 1662 sunt
637 1602 758 1683 Capreis
775 1606 935 1663 immanium
949 1597 1058 1666 bellua·

55 1709 118 1750 rum
136 1691 319 1768 ferarumque
337 1689 464 1764 membra
487 1688 695 1767 praegrandia,
720 1706 793 1766 quae
808 1687 939 1749 dicuntru
955 1687 1058 1768 Cigan-

56 1785 113 1834 tum
136 1791 203 1834 ossa
225 1783 255 1833 et
269 1792 345 1833 arma
359 1774 495 1833 Heroum.
523 1773 706 1833 Instrumenti
729 1775 790 1830 eius
813 1781 842 1831 et
864 1774 1102 1854 supellectilists

56 1859 229 1937 parsimonia
250 1867 375 1936 apparet
395 1860 480 1918 etiam
504 1875 579 1916 nnnc
595 1856 719 1916 residuis
735 1856 821 1918 lectis
840 1868 926 1938 atque
940 1860 1058 1936 mensis,

18 1957 176 2022 coquorum
197 1943 338 2021 pleraque
361 1944 411 2001 vix
434 1943 564 2021 privatae
581 1941 744 2018 elegantiae
760 1941 825 2002 sint.
855 1943 900 2004 Ne
917 1953 983 2004 toro
999 1943 1059 2023 qui-

56 2028 121 2086 dem
137 2026 270 2085 cubuisse
286 2028 364 2086 aiunt
378 2026 432 2085 nisi
449 2026 545 2085 humili
563 2035 591 2084 et
606 2025 721 2085 modice
735 2028 865 2088 instrato.
897 2029 990 2088 Veste
1002 2044 1059 2086 non

56 2119 167 2169 temere
191 2109 246 2168 alia
263 2127 346 2188 quam
363 2109 522 2171 domestica
536 2128 604 2168 usus
620 2117 680 2186 est,
703 2110 739 2170 ab
756 2129 860 2171 sorore
878 2120 907 2171 et
922 2129 1015 2171 uxore
1030 2119 1060 2170 et

56 2193 116 2254 iilia
131 2192 323 2273 neptibusque
340 2194 491 2263 conlecta;
509 2194 588 2270 togis
599 2211 694 2272 neque
706 2196 850 2254 restrictis
865 2213 959 2273 neque
976 2195 1059 2270 lusis,

57 2276 140 2337 clavo
157 2296 213 2337 nec
230 2277 289 2337 lato
304 2296 360 2337 nec
375 2288 516 2355 angusto,
538 2277 733 2338 calciamentis
751 2278 926 2356 altiusculis,
947 2287 977 2337 ut
992 2295 1059 2355 pro·

16 2376 45 2417 aa
58 2362 155 2422 cerior
177 2380 261 2440 quam
284 2371 347 2423 erat
369 2363 526 2422 videretur.
563 2361 601 2422 Et
622 2363 751 2422 forensia
772 2371 915 2422 autemst
941 2362 1060 2421 calceos
1099 2395 1100 2398 =

55 2464 208 2524 numquam
225 2464 283 2506 non
303 2447 376 2507 intra
398 2446 559 2507 cubiculum
578 2446 676 2506 babuit
697 2445 732 2506 ad
748 2445 861 2506 subitos
877 2448 1059 2524 repentinos·

56 2549 112 2609 que
131 2548 216 2590 casus
233 2540 342 2609 parata.

98 2612 313 2675 Conuiuabatur
338 2613 453 2676 assidue
480 2633 534 2674 nec
555 2632 688 2692 umquam
711 2616 765 2674 nisi
787 2624 883 2691 recta,
912 2632 970 2673 non
996 2615 1056 2674 sine
1065 2609 1101 2669 tt

54 2715 161 2775 magno
184 2698 315 2760 ordinum
335 2699 539 2777 hominumque
561 2699 678 2759 dilectu.
707 2699 845 2759 Valerius
859 2697 985 2759 Messala
1001 2706 1057 2758 tra·

16 2781 110 2858 aodit,
130 2785 272 2844 neminem
291 2801 425 2863 nmquam
446 2782 643 2845 libertinorum
662 2783 816 2844 adhibitum
837 2782 873 2843 ab
895 2801 932 2843 eo
950 2800 1058 2843 caenae

56 2876 184 2944 excepto
209 2867 310 2945 liena,
339 2867 391 2928 sed
413 2876 526 2928 asserto
548 2870 577 2927 in
597 2870 804 2945 ingenuitatem
826 2877 894 2947 post
915 2866 1057 2945 proditam

56 2951 138 3009 Sexti
153 2950 273 3029 Pompei
295 2952 428 3013 classem.
460 2951 527 3030 lpse
552 2951 668 3029 scribit,
688 2952 827 3012 invitasse
849 2971 882 3012 se
905 2949 1057 3030 quendam,

55 3035 84 3092 in
102 3035 183 3093 cuins
198 3036 267 3096 villa
282 3045 419 3114 maneret,
436 3038 484 3115 qui
501 3037 671 3116 speculator
685 3054 753 3096 suus
768 3036 836 3096 olim
850 3037 963 3096 fuisset.
983 3031 1058 3092 Con·

54 3118 130 3178 vivia
151 3137 362 3200 nonnumquam
386 3129 415 3181 et
438 3123 532 3181 serius
552 3121 642 3181 inibat
665 3129 694 3180 et
710 3123 847 3181 maturius
865 3115 1057 3195 relinquebat,

16 3216 44 3259 aa
55 3220 118 3261 cum
135 3206 278 3265 convivae
299 3215 328 3265 et
348 3224 471 3267 caenare
493 3208 656 3284 inciperent
677 3205 756 3283 prins
771 3223 855 3284 quam
870 3203 921 3262 ille
938 3201 1058 3259 discum·

54 3285 157 3365 beret,
174 3297 203 3347 et
218 3300 422 3368 permanerent
438 3290 574 3367 digresso
593 3307 640 3349 eo.
675 3287 801 3349 Caenam
818 3288 908 3348 ternis
927 3283 1058 3359 ferculis,

54 3378 102 3428 aut
123 3390 187 3431 cnm
208 3373 450 3434 abundantissime
467 3376 545 3434 senis
561 3372 738 3455 praebebat,
762 3382 866 3432 utnon
882 3369 969 3428 nimio
985 3385 1058 3427 sum-

53 3462 120 3531 ptu,
134 3455 173 3516 ita
189 3474 296 3517 summa
314 3459 459 3518 comitate.
488 3457 561 3518 Nam
577 3468 606 3518 et
621 3457 656 3517 ad
673 3456 902 3516 communionem
919 3453 1059 3513 sermonis
