2334 3870
88 172 147 237 138
179 183 209 231 o.
226 176 376 228 suuuonr
391 170 519 230 ranno.
535 169 583 217 nu
599 168 682 215 vrrs
698 164 886 215 ouussnmr
900 167 972 215 unu.
987 170 1056 219 1111.

89 359 145 423 que
160 333 363 417 praetorianos
377 326 521 401 exercuit,
542 323 620 383 nullo
632 340 728 383 rerum
746 329 797 382 aut
813 321 959 384 bominum
981 343 1100 402 genere

89 423 214 497 omisso,
243 418 288 477 cui
314 431 371 474 non
393 410 489 471 tributi
513 405 620 485 aliquid
646 408 820 485 imponeret.
862 404 918 468 Pro
946 407 1098 488 edulibus,

90 523 165 588 quac
178 512 239 564 tota
254 498 325 560 urbe
342 496 490 569 venirent,
514 500 622 552 certum
644 500 806 569 statumque
826 492 1013 569 exigebatum
1036 512 1096 572 pro

89 589 187 653 litibus
209 604 245 646 ac
263 582 375 643 iudiciis
402 578 574 655 ubicumque
597 577 747 653 conceptis
769 573 984 655 quadragesima
1012 595 1092 637 sum·

90 691 171 749 mae,
205 668 242 730 dc
260 685 315 746 qua
335 665 514 741 litigaretur,
541 678 596 720 nec
618 660 680 719 siue
698 676 811 738 poena,
844 659 948 739 siquis
968 677 1116 740 compo-s

92 756 186 818 suisse
207 752 255 812 val
278 751 404 809 donasse
421 745 570 823 negotium
595 744 834 814 convinceretur;
864 762 902 804 ex
926 743 1091 822 gerulorum

93 839 199 900 diurnis
229 831 396 913 quaestibus
427 847 496 909 pars
517 839 635 898 octava;
664 846 701 888 ex
725 828 854 907 capturis
878 829 1097 907 prostitutarum

93 928 225 1002 quantum
250 934 385 995 quaeque
412 931 468 975 uuo
502 912 655 974 concubitu
683 919 822 981 mereret;
852 911 1040 992 additumque
1062 913 1100 974 ad

92 1012 178 1083 capnt
192 1002 286 1079 legis,
303 1009 334 1060 ut
345 1007 513 1060 tenerentur
530 996 647 1076 publico
664 1005 694 1057 et
709 1013 783 1075 quae
796 997 994 1058 meretricium
1009 998 1099 1076 quive

92 1086 267 1149 lenocinium
280 1084 430 1158 iecissent,
451 1100 506 1142 neo
522 1098 581 1141 non
594 1089 624 1140 et
641 1080 820 1141 matrimonia
834 1079 965 1142 obnoxia
982 1091 1096 1143 essent.
1110 1097 1133 1138 ro

52 1171 165 1232 dlllius
184 1168 260 1230 modi
282 1165 475 1244 vectigalibus
494 1164 607 1225 indictis
628 1165 924 1243 neque-propositis,
960 1184 1026 1227 cum
1045 1184 1100 1245 per

94 1255 285 1333 ignorantiam
302 1253 463 1330 scriptume
476 1249 563 1309 multa
578 1249 730 1309 commissa
746 1247 864 1327 fierent,
881 1249 1000 1311 tandem
1014 1251 1098 1328 flagi·

94 1347 173 1399 tante
194 1335 303 1416 populo
325 1334 478 1414 proposuit
502 1332 614 1412 quidem
637 1333 750 1410 legem,
777 1331 830 1403 sed
851 1341 880 1394 et
898 1335 1099 1396 minutissimis

93 1422 196 1483 litteris
216 1429 245 1479 ct
271 1419 472 1498 angustissimo
498 1418 582 1496 loco,
604 1418 643 1477 uti
663 1435 700 1477 ne
721 1417 766 1476 cui
786 1416 956 1480 describere
982 1419 1098 1480 liceret.

93 1504 140 1566 Ac
154 1523 191 1565 ne
207 1504 283 1583 quod
305 1521 364 1564 nou
378 1503 572 1564 manubiarum
592 1520 684 1580 genus
706 1501 901 1579 experiretur,
924 1503 1049 1583 lupanar
1070 1504 1131 1563 iura

93 1587 204 1649 Palatio
232 1590 386 1666 constituit,
410 1587 606 1665 distinctisque
629 1595 657 1646 et
671 1586 816 1646 instructis
842 1603 896 1665 pro
923 1585 984 1647 loci
1005 1586 1099 1666 digni-

93 1679 153 1732 tate
169 1673 365 1751 compluribus
383 1671 482 1747 cellis,
505 1668 649 1747 inquibus
669 1678 816 1730 matronae
837 1669 1016 1752 ingenuique
1040 1681 1098 1733 sta·

94 1764 174 1834 rent,
196 1757 272 1816 misit
293 1758 400 1815 circum
414 1754 478 1814 lora
500 1760 529 1812 et
543 1751 678 1814 basilicas
694 1753 947 1815 nomenculatores
968 1755 1005 1817 ad
1024 1755 1097 1815 invi·

93 1840 198 1900 tandos
218 1839 253 1899 ad
276 1838 420 1897 libidinem
440 1837 559 1895 iuvenes
581 1854 740 1916 senesque;
763 1836 894 1916 praebita
916 1838 1098 1900 advenienti·

95 1922 149 1982 bus
166 1921 286 2000 pecunia
307 1919 451 1995 fenebris,
478 1920 663 2000 appositique
680 1920 728 1999 qui
744 1922 857 1982 nomina
874 1922 970 2001 palam
988 1922 1130 1984 subpo-at

93 2013 203 2080 tarent,
225 2005 306 2081 quasi
328 2003 517 2064 adiuuantium
539 2001 673 2065 Caesaris
696 2004 814 2065 reditus.
858 2004 904 2067 Ac
919 2025 957 2067 ne
975 2025 1016 2068 ex
1032 2006 1099 2068 lusu

95 2085 208 2165 quidem
230 2085 312 2147 aleae
339 2086 539 2165 compendium
561 2104 721 2166 spernens,
746 2088 812 2167 plns
833 2089 986 2153 mendacio
1008 2100 1098 2171 atque

93 2169 178 2231 etiam
196 2172 323 2249 periurio
348 2170 522 2232 lucrabatur.
566 2171 603 2232 Et
624 2171 766 2251 quondam
790 2174 923 2251 proximo
946 2175 1099 2238 conlusori

94 2253 262 2317 demandata
276 2256 342 2315 vice
362 2273 412 2316 sua
432 2273 607 2334 progressus
622 2257 651 2316 in
667 2257 767 2316 atrium
787 2256 904 2337 domus,
929 2278 994 2320 cum
1012 2277 1097 2340 prae·

92 2339 232 2397 terenutis
254 2338 327 2399 duos
349 2341 462 2418 equites
482 2340 517 2400 R.
533 2339 688 2418 locupletis
709 2343 771 2401 sine
792 2359 873 2402 mora
894 2343 1004 2422 corripi
1026 2357 1127 2407 con-tt

94 2421 248 2500 liscarique
267 2424 414 2500 iussisset,
443 2424 574 2484 exultans
602 2423 686 2484 rediit
712 2425 916 2506 gloriansque,
941 2445 1097 2508 numquam

95 2523 127 2567 so
142 2509 331 2584 prosperiore
344 2507 408 2567 alea
422 2525 512 2567 usum.

51 2592 86 2648 42
156 2588 315 2651 intravero
332 2600 413 2666 nata,
438 2600 636 2670 paupertatem
658 2611 713 2654 nec
728 2593 783 2653 iam
805 2594 991 2672 imperatoria
1006 2597 1097 2660 modo

94 2672 190 2734 sedet
207 2675 297 2752 patria
314 2691 496 2752 conquerens
513 2692 616 2752 onera,
636 2676 817 2738 conlationes
836 2679 865 2737 in
878 2677 1045 2742 alimonium
1060 2700 1098 2743 ac

94 2756 325 2835 dotompuellae
344 2758 467 2835 recepit.
510 2757 608 2819 Edixit
629 2769 658 2820 et
679 2769 792 2822 strenas
816 2762 933 2823 ineunte
957 2782 1035 2827 auno
1061 2776 1129 2827 seut

93 2848 275 2918 recepturum
289 2841 423 2920 stetitque
437 2842 466 2900 in
485 2842 629 2903 vestibulo
647 2843 758 2904 aedium
782 2844 828 2905 lil.
843 2844 953 2908 lamed
975 2858 1095 2929 captau·

95 2925 145 2986 das
165 2925 274 3002 stipes,
295 2942 366 3002 quas
383 2925 478 3002 plenis
494 2935 560 2986 ante
575 2945 639 2986 cum
656 2929 785 2990 manibus
802 2947 837 2990 ac
851 2931 915 2991 sinu
931 2934 1026 2993 omnis
1040 2952 1095 3012 ge·

93 3008 170 3069 neris
198 3006 280 3068 turba
308 3007 454 3069 fundebat.
497 3008 662 3071 Novissime
693 3013 917 3076 contrectandas
949 3019 1095 3095 pecuniae

94 3092 224 3172 cupidine
238 3091 388 3167 incensus,
410 3110 500 3170 saepe
516 3112 605 3172 super
620 3096 776 3156 inmensos
793 3115 947 3159 aureorum
964 3117 1095 3172 acervos

93 3176 288 3256 patentissimo
313 3173 431 3235 diffusos
445 3176 515 3237 loco
538 3187 567 3238 et
586 3178 669 3239 nudis
685 3179 807 3258 pedibus
827 3183 969 3262 spatiatus
983 3192 1013 3245 et
1028 3194 1128 3250 toruo

95 3277 221 3339 corpore
236 3258 395 3338 aliquandiu
411 3258 556 3321 volutatus
574 3270 628 3321 est.

51 3349 86 3407 4³
152 3343 279 3405 Militiam
303 3360 408 3421 resque
429 3342 551 3404 bellicas
578 3345 669 3405 semel
690 3347 800 3426 attigit,
822 3366 921 3429 neque
942 3369 982 3413 ex
1002 3352 1094 3417 desti-

92 3433 166 3503 nato,
187 3425 239 3486 sed
256 3447 318 3488 cum
335 3427 370 3488 ad
381 3427 528 3488 visendum
544 3446 642 3489 nemus
658 3429 822 3514 flumenque
841 3431 976 3496 Clitumni
989 3435 1094 3503 blera·
