2286 3862
101 135 161 198 184
190 145 220 194 c.
233 144 383 194 annnoru
399 142 526 203 nnana.
539 142 588 189 nn
602 142 687 189 vana
702 140 886 191 cansam
900 142 977 193 nnn.
990 144 1044 195 vr.

98 302 236 380 silvisque
252 299 347 375 vada,
365 315 428 358 curn
450 295 628 356 multitudino
648 295 740 357 omnis
759 294 878 373 gsnerls
900 296 1055 378 pecudum
1074 318 1106 363 aa

97 386 234 446 ferarum.
277 383 311 443 ln
325 382 432 443 ceteris
447 379 577 460 partibus
593 388 697 441 cuneta
710 378 855 457 amolita,
870 378 1016 444 distincta
1027 401 1104 463 gen·

97 471 151 529 mis
168 470 360 546 unionumque
382 463 502 525 conchis
520 473 615 534 erant;
640 464 825 525 caenationes
844 463 1006 543 laqueatae
1025 468 1102 529 tabu

98 554 134 615 lis
149 552 286 614 eburneis
301 548 494 624 versatilibus,
510 556 541 608 ut
555 547 655 627 liores,
670 547 820 627 hstnlatis,
839 556 872 608 ut
886 558 1038 627 ungneata
1052 552 1100 612 de

98 656 187 717 anper
211 642 433 717 span-gerentum
461 633 619 713 praecipua
644 632 844 694 coenationnm
864 632 1001 711 rotunda,
1022 652 1116 713 quaet

98 731 241 802 perpetuo
255 718 357 780 diebus
371 735 405 780 ao
421 717 557 778 noctibus
572 718 638 777 vice
651 715 746 777 mundi
761 716 1024 795 circumagentium
1043 716 1090 778 ba-

98 806 192 867 lineae
206 804 323 864 marinis
339 811 368 863 et
388 801 493 863 albulis
514 801 637 863 fluentes
657 801 748 881 aqnis.
792 799 864 861 llius
884 800 969 863 modi
988 798 1096 863 donum

98 907 162 950 cnm
174 887 334 948 absolutam
348 886 506 964 dedicaret,
521 885 660 947 hactenns
677 882 895 964 comprobarit,
920 893 953 946 nt
967 902 1006 946 as
1025 884 1097 947 dice

96 981 143 1033 ret
158 971 250 1053 quasi
263 970 414 1033 loomim
427 970 551 1032 tandem
563 968 709 1031 debitore
722 969 873 1048 coepiaaa.

156 1057 313 1119 Praeterea
327 1055 481 1116 inchoabat
495 1054 635 1134 piscinam
657 1071 674 1115 a
695 1053 806 1115 bliseno
828 1052 866 1115 ad
886 1052 1043 1115 Aramum
1060 1053 1097 1115 la·
1105 1071 1125 1113 ro

98 1158 170 1217 cnm,
190 1147 354 1201 contectam
368 1137 585 1217 porticibusque
602 1136 782 1213 conclusam,
800 1154 858 1217 qno
874 1136 1020 1218 quidquid
1034 1138 1099 1200 totis

95 1223 162 1283 bais
188 1221 342 1285 calidarum
373 1239 510 1300 aquarum
545 1231 625 1281 esset
658 1229 891 1291 convortoretnr;
921 1221 1039 1285 lostam
1065 1221 1098 1283 ab

95 1304 216 1366 Averno
231 1304 341 1367 Ostiam
356 1322 460 1385 nsque,
475 1313 506 1365 ut
520 1305 641 1366 naribus
656 1323 713 1366 nec
726 1314 822 1366 tamen
834 1307 908 1366 mari
917 1307 1025 1384 iretur,
1039 1306 1098 1367 lon·

95 1389 231 1469 gitudinis
248 1407 301 1470 per
315 1398 429 1451 centum
445 1392 598 1468 sexaginta
612 1390 699 1467 milia,
717 1389 887 1467 latitudinis,
910 1406 970 1469 qna
986 1398 1097 1451 contra·

95 1475 156 1536 riae
173 1477 395 1555 quinqueremes
409 1483 611 1536 commearent.
655 1474 782 1550 Quorum
803 1490 926 1553 opernm
942 1474 1124 1554 per-ticiano

95 1558 196 1621 dorum
214 1562 308 1638 gratia
323 1559 400 1640 qnod
413 1559 520 1640 ubique
542 1567 623 1620 esset
642 1556 790 1619 custodiae
812 1559 841 1617 in
854 1556 969 1619 ltaliam
981 1557 1096 1639 'depor-

95 1645 161 1721 tari,
179 1647 265 1706 etiam
281 1645 397 1705 scelere
412 1645 564 1705 convictos
578 1642 691 1703 nonnisi
709 1641 748 1721 pd
771 1659 845 1722 opus
865 1640 998 1702 brunari
1017 1659 1098 1721 prae

96 1737 227 1806 ceperat.

160 1810 206 1871 hd
220 1811 295 1870 hunc
306 1811 514 1889 impendiorum
525 1809 663 1888 intorem,
673 1827 763 1888 super
773 1808 906 1869 lidnoiam
917 1809 1048 1888 imperii,
1059 1817 1096 1869 et

95 1898 151 1956 iam
164 1912 217 1971 spe
232 1892 353 1971 quadam
367 1894 519 1973 repentina
530 1895 731 1955 immensarum
744 1901 773 1954 et
783 1891 1003 1953 reconditarum
1012 1904 1123 1973 opnmtt

95 1976 234 2054 impulsus
263 1984 309 2035 est
336 1994 375 2036 ex
392 1977 497 2038 indicio
518 1979 623 2057 equitis
647 1978 683 2038 n.
703 1994 757 2057 pro
780 1985 932 2056 comperto
953 1976 1096 2057 pollicem

94 2061 143 2136 tis,
160 2057 313 2121 thesauros
329 2062 541 2141 antiquissimae
555 2079 658 2141 garae,
671 2078 745 2140 quos
758 2060 835 2121 Dido
855 2059 959 2138 regina
978 2059 1097 2139 lugiens

95 2143 174 2220 tyro
193 2161 292 2205 secnm
313 2145 475 2224 extulisset,
496 2164 562 2207 esse
583 2148 611 2206 in
634 2144 736 2206 Africa
756 2143 926 2205 vastissimis
947 2142 1097 2223 specubus

52 2239 87 2296 ιιι
99 2226 222 2305 abditos,
239 2247 274 2289 ac
289 2247 378 2310 posse
398 2232 459 2291 erui
477 2230 596 2310 parvula
613 2230 791 2290 molientium
804 2245 905 2307 opera.
935 2228 1051 2290 Verum
1068 2235 1097 2289 ut

96 2331 166 2394 spes
183 2312 297 2392 fefellit,
314 2313 482 2393 destitutus,
500 2323 585 2395 atque
600 2315 639 2375 ita
654 2314 709 2373 iam
725 2312 882 2374 exhaustus
902 2321 932 2373 et
950 2330 1049 2390 egens
1068 2320 1125 2373 uto

95 2397 237 2477 stipendia
252 2416 367 2478 quoque
381 2400 499 2460 militum
515 2408 544 2460 et
567 2398 718 2460 commoda
739 2406 943 2458 veteranorum
963 2395 1097 2476 protrahi

94 2500 130 2543 ac
160 2481 268 2542 differri
297 2500 422 2544 necesse
457 2493 552 2562 esset,
587 2482 736 2544 calumniis
768 2481 935 2561 rapinisque
974 2480 1098 2541 intendit

93 2567 225 2627 animum.

155 2648 233 2708 Ante
249 2652 343 2712 omnia
359 2653 494 2728 instituit,
512 2659 574 2710 nte
597 2650 767 2712 libertorum
789 2647 989 2708 defunctorum
1010 2646 1097 2709 bonis

94 2749 148 2811 pro
164 2734 285 2795 semisse
306 2735 426 2796 dextans
448 2738 475 2794 ei
498 2744 663 2813 cogeretur,
687 2734 817 2813 quisine
840 2729 985 2810 probabili
1007 2747 1128 2792 cansam

95 2817 261 2876 eonomine
277 2827 386 2896 essent,
404 2835 461 2897 quo
478 2818 600 2878 luissent
613 2819 690 2879 ullae
706 2817 832 2879 iamiliae
850 2833 922 2894 quas
937 2817 1003 2895 ipse
1027 2832 1095 2876 con·

94 2898 235 2975 tingeret;
253 2900 372 2981 deindo,
388 2911 418 2962 ut
434 2904 611 2980 ingratorum
632 2905 660 2962 in
682 2903 843 2982 principem
866 2907 1041 2960 testamenta
1061 2897 1097 2959 ad

93 2982 195 3042 liscum
210 2986 407 3064 pertinerent,
423 3005 458 3048 ao
482 3004 519 3046 ne
540 2989 655 3067 impune
676 2995 755 3046 esset
777 2984 913 3046 stndrosrs
932 3000 1021 3060 ruris,
1048 2983 1096 3062 qui

15 3096 23 3103 ··
94 3066 281 3146 scripsissent
296 3069 344 3129 vel
360 3070 517 3131 dictassent
534 3089 584 3141 ea;
605 3080 673 3131 tuno
693 3079 724 3131 ut
744 3070 813 3147 lege
836 3068 994 3129 maiestatis
1014 3066 1096 3128 iacta

93 3151 229 3231 dietaque
247 3154 356 3229 omnia,
379 3154 482 3232 quibus
496 3154 582 3215 modo
600 3154 713 3215 delator
727 3171 785 3214 non
802 3151 935 3228 deesset,
957 3159 1129 3211 tenerer-tt

92 3244 147 3294 tur.
197 3237 361 3297 Revocavit
381 3247 410 3297 et
433 3240 561 3316 praemia
582 3256 769 3313 coronarum,
790 3254 864 3315 quae
885 3252 1016 3315 nmquam
1039 3233 1096 3297 sibi

94 3319 224 3381 civitates
245 3322 272 3380 in
294 3321 497 3381 certaminibus
523 3322 703 3382 detulissent.
746 3321 785 3382 Et
808 3338 871 3379 cum
891 3318 1095 3381 interdixisset

93 3418 173 3461 usum
190 3405 370 3481 amethystini
391 3423 425 3466 ae
440 3404 519 3479 Tyrii
538 3406 664 3484 coloris,
688 3405 934 3483 summisissetque
955 3403 1004 3483 qui
1023 3421 1095 3465 nnn·
