<?xml version="1.0" encoding="UTF-8"?>
<!DOCTYPE html PUBLIC "-//W3C//DTD XHTML 1.0 Transitional//EN"
    "http://www.w3.org/TR/xhtml1/DTD/xhtml1-transitional.dtd">
<html xmlns="http://www.w3.org/1999/xhtml" xml:lang="en" lang="en">
 <head>
  <title>
</title>
<meta http-equiv="Content-Type" content="text/html;charset=utf-8" />
  <meta name='ocr-system' content='tesseract 3.04.00' />
  <meta name='ocr-capabilities' content='ocr_page ocr_carea ocr_par ocr_line ocrx_word'/>
</head>
<body>
  <div class='ocr_page' id='page_1' title='image "./csuetonitranqui00trangoog_0145.png"; bbox 0 0 2334 3870; ppageno 0'>
   <div class='ocr_carea' id='block_1_1' title="bbox 112 173 1028 242">
    <p class='ocr_par' dir='ltr' id='par_1_1' title="bbox 112 173 1028 242">
     <span class='ocr_line' id='line_1_1' title="bbox 112 173 1028 242; baseline 0.001 -7"><span class='ocrx_word' id='word_1_1' title='bbox 112 173 154 235; x_wconf 81' lang='grc'><strong>34</strong></span> <span class='ocrx_word' id='word_1_2' title='bbox 202 185 232 232; x_wconf 92' lang='lat' dir='ltr'><strong>c.</strong></span> <span class='ocrx_word' id='word_1_3' title='bbox 246 182 396 232; x_wconf 81' lang='lat' dir='ltr'><strong>suuuom</strong></span> <span class='ocrx_word' id='word_1_4' title='bbox 414 181 541 242; x_wconf 69' lang='lat' dir='ltr'><strong>unaue.</strong></span> <span class='ocrx_word' id='word_1_5' title='bbox 556 183 604 229; x_wconf 80' lang='lat' dir='ltr'><strong>nu</strong></span> <span class='ocrx_word' id='word_1_6' title='bbox 620 184 705 231; x_wconf 81' lang='lat' dir='ltr'><strong>runa</strong></span> <span class='ocrx_word' id='word_1_7' title='bbox 722 183 905 233; x_wconf 75' lang='lat' dir='ltr'><strong>caucasum</strong></span> <span class='ocrx_word' id='word_1_8' title='bbox 919 187 990 236; x_wconf 81' lang='lat' dir='ltr'><strong>um.</strong></span> <span class='ocrx_word' id='word_1_9' title='bbox 1003 189 1028 236; x_wconf 91' lang='lat'><strong>1.</strong></span> 
     </span>
    </p>
   </div>
   <div class='ocr_carea' id='block_1_2' title="bbox 25 336 1152 3544">
    <p class='ocr_par' dir='ltr' id='par_1_2' title="bbox 112 336 1116 586">
     <span class='ocr_line' id='line_1_2' title="bbox 112 336 1116 425; baseline 0.008 -25"><span class='ocrx_word' id='word_1_10' title='bbox 112 341 185 401; x_wconf 89' lang='lat' dir='ltr'><strong>alias</strong></span> <span class='ocrx_word' id='word_1_11' title='bbox 203 355 266 398; x_wconf 88' lang='lat' dir='ltr'><strong>cum</strong></span> <span class='ocrx_word' id='word_1_12' title='bbox 287 336 359 398; x_wconf 83' lang='lat' dir='ltr'><strong>love</strong></span> <span class='ocrx_word' id='word_1_13' title='bbox 379 337 511 398; x_wconf 78' lang='lat' dir='ltr'><strong>dextram</strong></span> <span class='ocrx_word' id='word_1_14' title='bbox 531 339 652 414; x_wconf 89' lang='lat' dir='ltr'><strong>iungere</strong></span> <span class='ocrx_word' id='word_1_15' title='bbox 659 361 668 407; x_wconf 93' lang='lat'>;</span> <span class='ocrx_word' id='word_1_16' title='bbox 691 346 721 398; x_wconf 90' lang='lat' dir='ltr'><strong>ct</strong></span> <span class='ocrx_word' id='word_1_17' title='bbox 746 336 904 419; x_wconf 76' lang='lat' dir='ltr'><strong>Calpurnia</strong></span> <span class='ocrx_word' id='word_1_18' title='bbox 927 345 1116 425; x_wconf 82' lang='lat' dir='ltr'><strong>morinagt-</strong></span> 
     </span>
     <span class='ocr_line' id='line_1_3' title="bbox 113 420 1116 504; baseline 0.01 -21"><span class='ocrx_word' id='word_1_19' title='bbox 113 433 178 485; x_wconf 88' lang='lat' dir='ltr'><strong>nata</strong></span> <span class='ocrx_word' id='word_1_20' title='bbox 191 432 252 502; x_wconf 89' lang='lat' dir='ltr'><strong>est,</strong></span> <span class='ocrx_word' id='word_1_21' title='bbox 275 420 390 482; x_wconf 82' lang='lat' dir='ltr'><strong>conlabi</strong></span> <span class='ocrx_word' id='word_1_22' title='bbox 405 421 552 499; x_wconf 77' lang='lat' dir='ltr'><strong>fastigium</strong></span> <span class='ocrx_word' id='word_1_23' title='bbox 566 421 668 482; x_wconf 90' lang='lat' dir='ltr'><strong>domus</strong></span> <span class='ocrx_word' id='word_1_24' title='bbox 684 424 874 504; x_wconf 89' lang='lat' dir='ltr'><strong>maritumque</strong></span> <span class='ocrx_word' id='word_1_25' title='bbox 885 427 915 483; x_wconf 91' lang='lat' dir='ltr'><strong>in</strong></span> <span class='ocrx_word' id='word_1_26' title='bbox 931 431 1047 504; x_wconf 80' lang='lat' dir='ltr'><strong>gremio</strong></span> <span class='ocrx_word' id='word_1_27' title='bbox 1060 450 1116 493; x_wconf 91' lang='lat' dir='ltr'><strong>suo</strong></span> 
     </span>
     <span class='ocr_line' id='line_1_4' title="bbox 115 505 957 586; baseline -0.001 -17"><span class='ocrx_word' id='word_1_28' title='bbox 115 507 248 579; x_wconf 88' lang='lat' dir='ltr'><strong>conludi;</strong></span> <span class='ocrx_word' id='word_1_29' title='bbox 270 525 305 568; x_wconf 91' lang='lat' dir='ltr'><strong>ac</strong></span> <span class='ocrx_word' id='word_1_30' title='bbox 320 506 416 566; x_wconf 91' lang='lat' dir='ltr'><strong>subito</strong></span> <span class='ocrx_word' id='word_1_31' title='bbox 435 505 560 565; x_wconf 83' lang='lat' dir='ltr'><strong>cubiculi</strong></span> <span class='ocrx_word' id='word_1_32' title='bbox 577 506 659 566; x_wconf 83' lang='lat' dir='ltr'><strong>iores</strong></span> <span class='ocrx_word' id='word_1_33' title='bbox 676 516 782 586; x_wconf 88' lang='lat' dir='ltr'><strong>sponte</strong></span> <span class='ocrx_word' id='word_1_34' title='bbox 797 516 957 586; x_wconf 87' lang='lat' dir='ltr'><strong>patuerunt.</strong></span> 
     </span>
    </p>

    <p class='ocr_par' dir='ltr' id='par_1_3' title="bbox 113 589 1145 1431">
     <span class='ocr_line' id='line_1_5' title="bbox 176 589 1109 673; baseline 0.003 -21"><span class='ocrx_word' id='word_1_35' title='bbox 176 591 221 653; x_wconf 90' lang='lat' dir='ltr'><strong>Ob</strong></span> <span class='ocrx_word' id='word_1_36' title='bbox 240 592 314 653; x_wconf 92' lang='lat' dir='ltr'><strong>baec</strong></span> <span class='ocrx_word' id='word_1_37' title='bbox 328 589 412 649; x_wconf 91' lang='lat' dir='ltr'><strong>simul</strong></span> <span class='ocrx_word' id='word_1_38' title='bbox 428 598 457 649; x_wconf 91' lang='lat' dir='ltr'><strong>et</strong></span> <span class='ocrx_word' id='word_1_39' title='bbox 473 589 511 650; x_wconf 97' lang='lat' dir='ltr'><strong>ob</strong></span> <span class='ocrx_word' id='word_1_40' title='bbox 530 591 671 650; x_wconf 85' lang='lat' dir='ltr'><strong>infirmam</strong></span> <span class='ocrx_word' id='word_1_41' title='bbox 684 591 872 652; x_wconf 83' lang='lat' dir='ltr'><strong>valitudinem</strong></span> <span class='ocrx_word' id='word_1_42' title='bbox 886 592 932 653; x_wconf 92' lang='lat' dir='ltr'><strong>diu</strong></span> <span class='ocrx_word' id='word_1_43' title='bbox 946 603 1109 673; x_wconf 89' lang='lat' dir='ltr'><strong>cunctatus,</strong></span> 
     </span>
     <span class='ocr_line' id='line_1_6' title="bbox 114 675 1131 758; baseline 0 -20"><span class='ocrx_word' id='word_1_44' title='bbox 114 697 149 738; x_wconf 92' lang='lat' dir='ltr'><strong>an</strong></span> <span class='ocrx_word' id='word_1_45' title='bbox 169 696 202 738; x_wconf 91' lang='lat' dir='ltr'><strong>se</strong></span> <span class='ocrx_word' id='word_1_46' title='bbox 221 677 383 737; x_wconf 86' lang='lat' dir='ltr'><strong>contineret</strong></span> <span class='ocrx_word' id='word_1_47' title='bbox 395 683 425 733; x_wconf 91' lang='lat' dir='ltr'><strong>et</strong></span> <span class='ocrx_word' id='word_1_48' title='bbox 446 691 519 753; x_wconf 87' lang='lat' dir='ltr'><strong>quae</strong></span> <span class='ocrx_word' id='word_1_49' title='bbox 542 675 619 753; x_wconf 93' lang='lat' dir='ltr'><strong>apud</strong></span> <span class='ocrx_word' id='word_1_50' title='bbox 647 685 776 737; x_wconf 89' lang='lat' dir='ltr'><strong>senatum</strong></span> <span class='ocrx_word' id='word_1_51' title='bbox 801 685 994 756; x_wconf 75' lang='lat' dir='ltr'><strong>proposuerat</strong></span> <span class='ocrx_word' id='word_1_52' title='bbox 1016 696 1131 758; x_wconf 82' lang='lat' dir='ltr'><strong>ageres</strong></span> 
     </span>
     <span class='ocr_line' id='line_1_7' title="bbox 114 757 1110 843; baseline -0.001 -20"><span class='ocrx_word' id='word_1_53' title='bbox 114 762 259 837; x_wconf 81' lang='lat' dir='ltr'><strong>differret,</strong></span> <span class='ocrx_word' id='word_1_54' title='bbox 284 757 400 819; x_wconf 91' lang='lat' dir='ltr'><strong>tandem</strong></span> <span class='ocrx_word' id='word_1_55' title='bbox 424 758 547 818; x_wconf 86' lang='lat' dir='ltr'><strong>Decimo</strong></span> <span class='ocrx_word' id='word_1_56' title='bbox 575 758 665 821; x_wconf 91' lang='lat' dir='ltr'><strong>Bruto</strong></span> <span class='ocrx_word' id='word_1_57' title='bbox 687 761 874 838; x_wconf 75' lang='lat' dir='ltr'><strong>adhortante,</strong></span> <span class='ocrx_word' id='word_1_58' title='bbox 893 780 930 822; x_wconf 94' lang='lat' dir='ltr'><strong>ne</strong></span> <span class='ocrx_word' id='word_1_59' title='bbox 950 763 1110 843; x_wconf 79' lang='lat' dir='ltr'><strong>frequentis</strong></span> 
     </span>
     <span class='ocr_line' id='line_1_8' title="bbox 113 832 1114 928; baseline 0.001 -21"><span class='ocrx_word' id='word_1_60' title='bbox 113 865 149 907; x_wconf 97' lang='lat' dir='ltr'><strong>ac</strong></span> <span class='ocrx_word' id='word_1_61' title='bbox 162 848 217 907; x_wconf 88' lang='lat' dir='ltr'><strong>iam</strong></span> <span class='ocrx_word' id='word_1_62' title='bbox 231 843 335 903; x_wconf 91' lang='lat' dir='ltr'><strong>dudum</strong></span> <span class='ocrx_word' id='word_1_63' title='bbox 352 845 533 922; x_wconf 90' lang='lat' dir='ltr'><strong>opperientis</strong></span> <span class='ocrx_word' id='word_1_64' title='bbox 550 843 739 923; x_wconf 88' lang='lat' dir='ltr'><strong>destitueret,</strong></span> <span class='ocrx_word' id='word_1_65' title='bbox 760 847 858 924; x_wconf 90' lang='lat' dir='ltr'><strong>quinta</strong></span> <span class='ocrx_word' id='word_1_66' title='bbox 879 832 943 907; x_wconf 68' lang='lat' dir='ltr'><strong>fdre</strong></span> <span class='ocrx_word' id='word_1_67' title='bbox 957 846 1031 908; x_wconf 90' lang='lat' dir='ltr'><strong>bora</strong></span> <span class='ocrx_word' id='word_1_68' title='bbox 1044 866 1114 928; x_wconf 90' lang='lat' dir='ltr'><strong>pro·</strong></span> 
     </span>
     <span class='ocr_line' id='line_1_9' title="bbox 113 925 1113 1010; baseline 0.004 -22"><span class='ocrx_word' id='word_1_69' title='bbox 113 947 234 1009; x_wconf 86' lang='lat' dir='ltr'><strong>gressus</strong></span> <span class='ocrx_word' id='word_1_70' title='bbox 254 937 299 987; x_wconf 91' lang='lat' dir='ltr'><strong>est</strong></span> <span class='ocrx_word' id='word_1_71' title='bbox 318 925 507 1007; x_wconf 78' lang='lat' dir='ltr'><strong>libellumque</strong></span> <span class='ocrx_word' id='word_1_72' title='bbox 526 928 692 989; x_wconf 88' lang='lat' dir='ltr'><strong>insidiarum</strong></span> <span class='ocrx_word' id='word_1_73' title='bbox 713 930 855 1007; x_wconf 87' lang='lat' dir='ltr'><strong>indicem,</strong></span> <span class='ocrx_word' id='word_1_74' title='bbox 882 929 919 991; x_wconf 93' lang='lat' dir='ltr'><strong>ab</strong></span> <span class='ocrx_word' id='word_1_75' title='bbox 937 928 1026 991; x_wconf 79' lang='lat' dir='ltr'><strong>obvio</strong></span> <span class='ocrx_word' id='word_1_76' title='bbox 1043 949 1113 1010; x_wconf 92' lang='lat' dir='ltr'><strong>quc·</strong></span> 
     </span>
     <span class='ocr_line' id='line_1_10' title="bbox 113 1011 1113 1093; baseline 0 -19"><span class='ocrx_word' id='word_1_77' title='bbox 113 1015 178 1075; x_wconf 89' lang='lat' dir='ltr'><strong>dam</strong></span> <span class='ocrx_word' id='word_1_78' title='bbox 193 1020 379 1093; x_wconf 90' lang='lat' dir='ltr'><strong>porrectum,</strong></span> <span class='ocrx_word' id='word_1_79' title='bbox 400 1011 510 1072; x_wconf 83' lang='lat' dir='ltr'><strong>libellis</strong></span> <span class='ocrx_word' id='word_1_80' title='bbox 526 1014 649 1090; x_wconf 86' lang='lat' dir='ltr'><strong>ceteris,</strong></span> <span class='ocrx_word' id='word_1_81' title='bbox 670 1031 745 1093; x_wconf 92' lang='lat' dir='ltr'><strong>quos</strong></span> <span class='ocrx_word' id='word_1_82' title='bbox 763 1014 878 1074; x_wconf 90' lang='lat' dir='ltr'><strong>sinistra</strong></span> <span class='ocrx_word' id='word_1_83' title='bbox 896 1015 1113 1076; x_wconf 87' lang='lat' dir='ltr'><strong>manutenebat</strong></span> 
     </span>
     <span class='ocr_line' id='line_1_11' title="bbox 114 1096 1145 1179; baseline -0.002 -19"><span class='ocrx_word' id='word_1_84' title='bbox 114 1100 194 1179; x_wconf 87' lang='lat' dir='ltr'><strong>quasi</strong></span> <span class='ocrx_word' id='word_1_85' title='bbox 210 1114 280 1158; x_wconf 87' lang='lat' dir='ltr'><strong>mox</strong></span> <span class='ocrx_word' id='word_1_86' title='bbox 300 1096 445 1173; x_wconf 87' lang='lat' dir='ltr'><strong>lecturus,</strong></span> <span class='ocrx_word' id='word_1_87' title='bbox 468 1097 657 1156; x_wconf 91' lang='lat' dir='ltr'><strong>commiscuit.</strong></span> <span class='ocrx_word' id='word_1_88' title='bbox 679 1097 754 1157; x_wconf 87' lang='lat' dir='ltr'><strong>Dein</strong></span> <span class='ocrx_word' id='word_1_89' title='bbox 774 1097 905 1176; x_wconf 89' lang='lat' dir='ltr'><strong>pluribus</strong></span> <span class='ocrx_word' id='word_1_90' title='bbox 925 1098 1030 1159; x_wconf 88' lang='lat' dir='ltr'><strong>hostiis</strong></span> <span class='ocrx_word' id='word_1_91' title='bbox 1047 1117 1145 1160; x_wconf 83' lang='lat' dir='ltr'><strong>cae-rc</strong></span> 
     </span>
     <span class='ocr_line' id='line_1_12' title="bbox 114 1181 1115 1263; baseline 0 -21"><span class='ocrx_word' id='word_1_92' title='bbox 114 1184 171 1260; x_wconf 89' lang='lat' dir='ltr'><strong>sis,</strong></span> <span class='ocrx_word' id='word_1_93' title='bbox 195 1200 259 1242; x_wconf 89' lang='lat' dir='ltr'><strong>cum</strong></span> <span class='ocrx_word' id='word_1_94' title='bbox 275 1181 359 1238; x_wconf 91' lang='lat' dir='ltr'><strong>litare</strong></span> <span class='ocrx_word' id='word_1_95' title='bbox 371 1196 431 1237; x_wconf 89' lang='lat' dir='ltr'><strong>uon</strong></span> <span class='ocrx_word' id='word_1_96' title='bbox 453 1187 573 1259; x_wconf 89' lang='lat' dir='ltr'><strong>posset,</strong></span> <span class='ocrx_word' id='word_1_97' title='bbox 595 1181 707 1240; x_wconf 89' lang='lat' dir='ltr'><strong>introiit</strong></span> <span class='ocrx_word' id='word_1_98' title='bbox 729 1184 837 1243; x_wconf 90' lang='lat' dir='ltr'><strong>curiam</strong></span> <span class='ocrx_word' id='word_1_99' title='bbox 853 1191 954 1263; x_wconf 88' lang='lat' dir='ltr'><strong>spreta</strong></span> <span class='ocrx_word' id='word_1_100' title='bbox 968 1183 1115 1262; x_wconf 80' lang='lat' dir='ltr'><strong>religione</strong></span> 
     </span>
     <span class='ocr_line' id='line_1_13' title="bbox 114 1260 1113 1347; baseline 0.002 -21"><span class='ocrx_word' id='word_1_101' title='bbox 114 1267 342 1346; x_wconf 84' lang='lat' dir='ltr'><strong>Spurinnamque</strong></span> <span class='ocrx_word' id='word_1_102' title='bbox 359 1260 483 1322; x_wconf 87' lang='lat' dir='ltr'><strong>irridens</strong></span> <span class='ocrx_word' id='word_1_103' title='bbox 500 1272 529 1324; x_wconf 92' lang='lat' dir='ltr'><strong>et</strong></span> <span class='ocrx_word' id='word_1_104' title='bbox 545 1272 577 1323; x_wconf 94' lang='lat' dir='ltr'><strong>ut</strong></span> <span class='ocrx_word' id='word_1_105' title='bbox 591 1263 695 1324; x_wconf 88' lang='lat' dir='ltr'><strong>lalsum</strong></span> <span class='ocrx_word' id='word_1_106' title='bbox 711 1285 854 1344; x_wconf 86' lang='lat' dir='ltr'><strong>arguens,</strong></span> <span class='ocrx_word' id='word_1_107' title='bbox 878 1267 956 1347; x_wconf 95' lang='lat' dir='ltr'><strong>quod</strong></span> <span class='ocrx_word' id='word_1_108' title='bbox 977 1269 1040 1328; x_wconf 87' lang='lat' dir='ltr'><strong>siue</strong></span> <span class='ocrx_word' id='word_1_109' title='bbox 1056 1266 1113 1327; x_wconf 91' lang='lat' dir='ltr'><strong>ulla</strong></span> 
     </span>
     <span class='ocr_line' id='line_1_14' title="bbox 114 1345 1112 1431; baseline -0.001 -21"><span class='ocrx_word' id='word_1_110' title='bbox 114 1368 165 1410; x_wconf 90' lang='lat' dir='ltr'><strong>sua</strong></span> <span class='ocrx_word' id='word_1_111' title='bbox 185 1366 263 1408; x_wconf 84' lang='lat' dir='ltr'><strong>noxa</strong></span> <span class='ocrx_word' id='word_1_112' title='bbox 284 1345 351 1407; x_wconf 88' lang='lat' dir='ltr'><strong>ldus</strong></span> <span class='ocrx_word' id='word_1_113' title='bbox 370 1345 491 1407; x_wconf 88' lang='lat' dir='ltr'><strong>blartiae</strong></span> <span class='ocrx_word' id='word_1_114' title='bbox 510 1346 661 1408; x_wconf 88' lang='lat' dir='ltr'><strong>adessent:</strong></span> <span class='ocrx_word' id='word_1_115' title='bbox 688 1367 857 1430; x_wconf 90' lang='lat' dir='ltr'><strong>quamquam</strong></span> <span class='ocrx_word' id='word_1_116' title='bbox 873 1353 898 1411; x_wconf 91' lang='lat' dir='ltr'><strong>is</strong></span> <span class='ocrx_word' id='word_1_117' title='bbox 918 1354 1038 1412; x_wconf 87' lang='lat' dir='ltr'><strong>venisse</strong></span> <span class='ocrx_word' id='word_1_118' title='bbox 1055 1353 1112 1431; x_wconf 89' lang='lat' dir='ltr'><strong>qui·</strong></span> 
     </span>
    </p>

    <p class='ocr_par' dir='ltr' id='par_1_4' title="bbox 71 1431 1152 2945">
     <span class='ocr_line' id='line_1_15' title="bbox 71 1431 1115 1515; baseline 0 -21"><span class='ocrx_word' id='word_1_119' title='bbox 71 1434 251 1503; x_wconf 69' lang='lat' dir='ltr'><strong>aedoneus</strong></span> <span class='ocrx_word' id='word_1_120' title='bbox 272 1431 400 1509; x_wconf 89' lang='lat' dir='ltr'><strong>diceret,</strong></span> <span class='ocrx_word' id='word_1_121' title='bbox 422 1431 552 1494; x_wconf 86' lang='lat' dir='ltr'><strong>sednon</strong></span> <span class='ocrx_word' id='word_1_122' title='bbox 571 1435 757 1513; x_wconf 86' lang='lat' dir='ltr'><strong>praeterisse.</strong></span> <span class='ocrx_word' id='word_1_123' title='bbox 790 1434 977 1495; x_wconf 80' lang='lat' dir='ltr'><strong>Assidentcm</strong></span> <span class='ocrx_word' id='word_1_124' title='bbox 999 1436 1115 1515; x_wconf 88' lang='lat' dir='ltr'><strong>conspi-</strong></span> 
     </span>
     <span class='ocr_line' id='line_1_16' title="bbox 115 1516 1151 1598; baseline 0.001 -18"><span class='ocrx_word' id='word_1_125' title='bbox 115 1520 169 1581; x_wconf 89' lang='lat' dir='ltr'><strong>rati</strong></span> <span class='ocrx_word' id='word_1_126' title='bbox 192 1519 294 1598; x_wconf 85' lang='lat' dir='ltr'><strong>specie</strong></span> <span class='ocrx_word' id='word_1_127' title='bbox 315 1516 405 1577; x_wconf 87' lang='lat' dir='ltr'><strong>cilicii</strong></span> <span class='ocrx_word' id='word_1_128' title='bbox 428 1519 691 1587; x_wconf 89' lang='lat' dir='ltr'><strong>circumsteterunt;</strong></span> <span class='ocrx_word' id='word_1_129' title='bbox 720 1519 848 1598; x_wconf 86' lang='lat' dir='ltr'><strong>ilicoque</strong></span> <span class='ocrx_word' id='word_1_130' title='bbox 866 1518 984 1579; x_wconf 81' lang='lat' dir='ltr'><strong>Cimber</strong></span> <span class='ocrx_word' id='word_1_131' title='bbox 1002 1519 1116 1597; x_wconf 78' lang='lat' dir='ltr'><strong>Tillius,</strong></span> <span class='ocrx_word' id='word_1_132' title='bbox 1126 1539 1151 1581; x_wconf 81' lang='lat' dir='ltr'><strong>rs</strong></span> 
     </span>
     <span class='ocr_line' id='line_1_17' title="bbox 115 1602 1116 1686; baseline 0 -22"><span class='ocrx_word' id='word_1_133' title='bbox 115 1606 163 1686; x_wconf 91' lang='lat' dir='ltr'><strong>qui</strong></span> <span class='ocrx_word' id='word_1_134' title='bbox 185 1605 292 1683; x_wconf 88' lang='lat' dir='ltr'><strong>primas</strong></span> <span class='ocrx_word' id='word_1_135' title='bbox 314 1611 414 1682; x_wconf 88' lang='lat' dir='ltr'><strong>partes</strong></span> <span class='ocrx_word' id='word_1_136' title='bbox 437 1610 622 1682; x_wconf 80' lang='lat' dir='ltr'><strong>susceperat,</strong></span> <span class='ocrx_word' id='word_1_137' title='bbox 646 1604 728 1680; x_wconf 91' lang='lat' dir='ltr'><strong>quasi</strong></span> <span class='ocrx_word' id='word_1_138' title='bbox 753 1602 859 1680; x_wconf 89' lang='lat' dir='ltr'><strong>aliquid</strong></span> <span class='ocrx_word' id='word_1_139' title='bbox 875 1612 1032 1680; x_wconf 90' lang='lat' dir='ltr'><strong>rogaturus</strong></span> <span class='ocrx_word' id='word_1_140' title='bbox 1048 1621 1116 1683; x_wconf 94' lang='lat' dir='ltr'><strong>pro-</strong></span> 
     </span>
     <span class='ocr_line' id='line_1_18' title="bbox 115 1687 1116 1769; baseline -0.003 -20"><span class='ocrx_word' id='word_1_141' title='bbox 115 1691 180 1769; x_wconf 84' lang='lat' dir='ltr'><strong>pius</strong></span> <span class='ocrx_word' id='word_1_142' title='bbox 202 1689 346 1763; x_wconf 89' lang='lat' dir='ltr'><strong>accessit,</strong></span> <span class='ocrx_word' id='word_1_143' title='bbox 365 1688 555 1764; x_wconf 87' lang='lat' dir='ltr'><strong>renuentique</strong></span> <span class='ocrx_word' id='word_1_144' title='bbox 581 1695 612 1746; x_wconf 91' lang='lat' dir='ltr'><strong>et</strong></span> <span class='ocrx_word' id='word_1_145' title='bbox 636 1695 723 1763; x_wconf 90' lang='lat' dir='ltr'><strong>gestu</strong></span> <span class='ocrx_word' id='word_1_146' title='bbox 749 1687 777 1744; x_wconf 93' lang='lat' dir='ltr'><strong>in</strong></span> <span class='ocrx_word' id='word_1_147' title='bbox 803 1687 881 1747; x_wconf 90' lang='lat' dir='ltr'><strong>aliud</strong></span> <span class='ocrx_word' id='word_1_148' title='bbox 899 1695 1014 1768; x_wconf 90' lang='lat' dir='ltr'><strong>tempus</strong></span> <span class='ocrx_word' id='word_1_149' title='bbox 1036 1687 1116 1748; x_wconf 85' lang='lat' dir='ltr'><strong>dille·</strong></span> 
     </span>
     <span class='ocr_line' id='line_1_19' title="bbox 113 1768 1115 1848; baseline -0.003 -14"><span class='ocrx_word' id='word_1_150' title='bbox 113 1773 189 1834; x_wconf 86' lang='lat' dir='ltr'><strong>renti</strong></span> <span class='ocrx_word' id='word_1_151' title='bbox 205 1768 241 1829; x_wconf 91' lang='lat' dir='ltr'><strong>ab</strong></span> <span class='ocrx_word' id='word_1_152' title='bbox 258 1779 381 1847; x_wconf 88' lang='lat' dir='ltr'><strong>utroque</strong></span> <span class='ocrx_word' id='word_1_153' title='bbox 399 1786 499 1828; x_wconf 88' lang='lat' dir='ltr'><strong>umero</strong></span> <span class='ocrx_word' id='word_1_154' title='bbox 526 1778 625 1846; x_wconf 86' lang='lat' dir='ltr'><strong>togam</strong></span> <span class='ocrx_word' id='word_1_155' title='bbox 644 1768 849 1848; x_wconf 88' lang='lat' dir='ltr'><strong>adprehendit;</strong></span> <span class='ocrx_word' id='word_1_156' title='bbox 872 1771 976 1831; x_wconf 89' lang='lat' dir='ltr'><strong>deinde</strong></span> <span class='ocrx_word' id='word_1_157' title='bbox 993 1772 1115 1833; x_wconf 90' lang='lat' dir='ltr'><strong>clamau-</strong></span> 
     </span>
     <span class='ocr_line' id='line_1_20' title="bbox 115 1850 1116 1933; baseline -0.002 -16"><span class='ocrx_word' id='word_1_158' title='bbox 115 1865 188 1917; x_wconf 91' lang='lat' dir='ltr'><strong>tem:</strong></span> <span class='ocrx_word' id='word_1_159' title='bbox 211 1850 281 1912; x_wconf 80' lang='lat' dir='ltr'><strong>lato</strong></span> <span class='ocrx_word' id='word_1_160' title='bbox 296 1850 418 1930; x_wconf 78' lang='lat' dir='ltr'><strong>quidem</strong></span> <span class='ocrx_word' id='word_1_161' title='bbox 431 1851 480 1911; x_wconf 76' lang='lat' dir='ltr'><strong>oio</strong></span> <span class='ocrx_word' id='word_1_162' title='bbox 498 1858 561 1927; x_wconf 79' lang='lat' dir='ltr'><strong>cst,</strong></span> <span class='ocrx_word' id='word_1_163' title='bbox 583 1853 657 1913; x_wconf 89' lang='lat' dir='ltr'><strong>alter</strong></span> <span class='ocrx_word' id='word_1_164' title='bbox 672 1871 690 1912; x_wconf 92' lang='lat' dir='ltr'><strong>e</strong></span> <span class='ocrx_word' id='word_1_165' title='bbox 705 1852 807 1914; x_wconf 83' lang='lat' dir='ltr'><strong>Cascis</strong></span> <span class='ocrx_word' id='word_1_166' title='bbox 826 1873 958 1916; x_wconf 88' lang='lat' dir='ltr'><strong>aversum</strong></span> <span class='ocrx_word' id='word_1_167' title='bbox 973 1855 1116 1933; x_wconf 85' lang='lat' dir='ltr'><strong>vulnerat,</strong></span> 
     </span>
     <span class='ocr_line' id='line_1_21' title="bbox 115 1933 1150 2021; baseline 0 -21"><span class='ocrx_word' id='word_1_168' title='bbox 115 1938 233 2020; x_wconf 91' lang='lat' dir='ltr'><strong>paulum</strong></span> <span class='ocrx_word' id='word_1_169' title='bbox 258 1934 332 1994; x_wconf 88' lang='lat' dir='ltr'><strong>infra</strong></span> <span class='ocrx_word' id='word_1_170' title='bbox 351 1933 488 2011; x_wconf 88' lang='lat' dir='ltr'><strong>iugulum.</strong></span> <span class='ocrx_word' id='word_1_171' title='bbox 526 1933 635 1997; x_wconf 83' lang='lat' dir='ltr'><strong>Caesar</strong></span> <span class='ocrx_word' id='word_1_172' title='bbox 661 1935 774 1998; x_wconf 75' lang='lat' dir='ltr'><strong>Cascae</strong></span> <span class='ocrx_word' id='word_1_173' title='bbox 796 1938 944 2000; x_wconf 86' lang='lat' dir='ltr'><strong>brachium</strong></span> <span class='ocrx_word' id='word_1_174' title='bbox 968 1948 1116 2021; x_wconf 87' lang='lat' dir='ltr'><strong>arreptum</strong></span> <span class='ocrx_word' id='word_1_175' title='bbox 1125 1953 1150 1995; x_wconf 83' lang='lat'><strong>2⁰</strong></span> 
     </span>
     <span class='ocr_line' id='line_1_22' title="bbox 116 2019 1115 2102; baseline 0 -20"><span class='ocrx_word' id='word_1_176' title='bbox 116 2021 239 2102; x_wconf 87' lang='lat' dir='ltr'><strong>graphio</strong></span> <span class='ocrx_word' id='word_1_177' title='bbox 257 2019 386 2096; x_wconf 88' lang='lat' dir='ltr'><strong>traiecit,</strong></span> <span class='ocrx_word' id='word_1_178' title='bbox 413 2029 591 2099; x_wconf 89' lang='lat' dir='ltr'><strong>conatusque</strong></span> <span class='ocrx_word' id='word_1_179' title='bbox 614 2023 751 2100; x_wconf 90' lang='lat' dir='ltr'><strong>prosilire</strong></span> <span class='ocrx_word' id='word_1_180' title='bbox 774 2023 832 2084; x_wconf 90' lang='lat' dir='ltr'><strong>alio</strong></span> <span class='ocrx_word' id='word_1_181' title='bbox 850 2024 971 2084; x_wconf 88' lang='lat' dir='ltr'><strong>vulnere</strong></span> <span class='ocrx_word' id='word_1_182' title='bbox 987 2023 1115 2085; x_wconf 84' lang='lat' dir='ltr'><strong>tardatus</strong></span> 
     </span>
     <span class='ocr_line' id='line_1_23' title="bbox 116 2102 1117 2188; baseline 0 -21"><span class='ocrx_word' id='word_1_183' title='bbox 116 2115 176 2176; x_wconf 89' lang='lat' dir='ltr'><strong>est;</strong></span> <span class='ocrx_word' id='word_1_184' title='bbox 197 2112 285 2183; x_wconf 90' lang='lat' dir='ltr'><strong>utque</strong></span> <span class='ocrx_word' id='word_1_185' title='bbox 305 2102 506 2165; x_wconf 85' lang='lat' dir='ltr'><strong>animadvertit</strong></span> <span class='ocrx_word' id='word_1_186' title='bbox 527 2105 651 2185; x_wconf 92' lang='lat' dir='ltr'><strong>undique</strong></span> <span class='ocrx_word' id='word_1_187' title='bbox 670 2109 828 2168; x_wconf 80' lang='lat' dir='ltr'><strong>restrictis</strong></span> <span class='ocrx_word' id='word_1_188' title='bbox 846 2106 1022 2187; x_wconf 74' lang='lat' dir='ltr'><strong>pugionibus</strong></span> <span class='ocrx_word' id='word_1_189' title='bbox 1045 2109 1117 2188; x_wconf 91' lang='lat' dir='ltr'><strong>peti,</strong></span> 
     </span>
     <span class='ocr_line' id='line_1_24' title="bbox 114 2187 1119 2268; baseline 0.002 -17"><span class='ocrx_word' id='word_1_190' title='bbox 114 2200 188 2268; x_wconf 84' lang='lat' dir='ltr'><strong>toga</strong></span> <span class='ocrx_word' id='word_1_191' title='bbox 200 2197 287 2267; x_wconf 88' lang='lat' dir='ltr'><strong>caput</strong></span> <span class='ocrx_word' id='word_1_192' title='bbox 302 2187 451 2266; x_wconf 86' lang='lat' dir='ltr'><strong>obvolvit,</strong></span> <span class='ocrx_word' id='word_1_193' title='bbox 475 2190 558 2249; x_wconf 89' lang='lat' dir='ltr'><strong>simul</strong></span> <span class='ocrx_word' id='word_1_194' title='bbox 578 2192 693 2252; x_wconf 88' lang='lat' dir='ltr'><strong>sinistra</strong></span> <span class='ocrx_word' id='word_1_195' title='bbox 704 2210 788 2252; x_wconf 89' lang='lat' dir='ltr'><strong>mauu</strong></span> <span class='ocrx_word' id='word_1_196' title='bbox 801 2193 893 2252; x_wconf 89' lang='lat' dir='ltr'><strong>sinum</strong></span> <span class='ocrx_word' id='word_1_197' title='bbox 909 2191 944 2252; x_wconf 90' lang='lat' dir='ltr'><strong>ad</strong></span> <span class='ocrx_word' id='word_1_198' title='bbox 960 2193 1018 2253; x_wconf 87' lang='lat' dir='ltr'><strong>ima</strong></span> <span class='ocrx_word' id='word_1_199' title='bbox 1033 2209 1119 2253; x_wconf 89' lang='lat' dir='ltr'><strong>crura</strong></span> 
     </span>
     <span class='ocr_line' id='line_1_25' title="bbox 116 2273 1116 2358; baseline 0 -22"><span class='ocrx_word' id='word_1_200' title='bbox 116 2273 249 2350; x_wconf 81' lang='lat' dir='ltr'><strong>deduxit,</strong></span> <span class='ocrx_word' id='word_1_201' title='bbox 289 2292 346 2352; x_wconf 94' lang='lat' dir='ltr'><strong>quo</strong></span> <span class='ocrx_word' id='word_1_202' title='bbox 374 2273 525 2335; x_wconf 89' lang='lat' dir='ltr'><strong>honestius</strong></span> <span class='ocrx_word' id='word_1_203' title='bbox 552 2275 670 2336; x_wconf 88' lang='lat' dir='ltr'><strong>caderet</strong></span> <span class='ocrx_word' id='word_1_204' title='bbox 701 2277 787 2336; x_wconf 91' lang='lat' dir='ltr'><strong>etiam</strong></span> <span class='ocrx_word' id='word_1_205' title='bbox 813 2277 953 2337; x_wconf 88' lang='lat' dir='ltr'><strong>inferiore</strong></span> <span class='ocrx_word' id='word_1_206' title='bbox 980 2275 1116 2358; x_wconf 82' lang='lat' dir='ltr'><strong>corporis</strong></span> 
     </span>
     <span class='ocr_line' id='line_1_26' title="bbox 116 2356 1150 2440; baseline -0.004 -20"><span class='ocrx_word' id='word_1_207' title='bbox 116 2367 198 2440; x_wconf 90' lang='lat' dir='ltr'><strong>parte</strong></span> <span class='ocrx_word' id='word_1_208' title='bbox 222 2356 327 2419; x_wconf 86' lang='lat' dir='ltr'><strong>velata.</strong></span> <span class='ocrx_word' id='word_1_209' title='bbox 361 2358 458 2439; x_wconf 83' lang='lat' dir='ltr'><strong>Atque</strong></span> <span class='ocrx_word' id='word_1_210' title='bbox 482 2361 522 2420; x_wconf 90' lang='lat' dir='ltr'><strong>ita</strong></span> <span class='ocrx_word' id='word_1_211' title='bbox 547 2359 638 2419; x_wconf 89' lang='lat' dir='ltr'><strong>tribus</strong></span> <span class='ocrx_word' id='word_1_212' title='bbox 663 2368 693 2419; x_wconf 89' lang='lat' dir='ltr'><strong>et</strong></span> <span class='ocrx_word' id='word_1_213' title='bbox 712 2360 813 2438; x_wconf 85' lang='lat' dir='ltr'><strong>viginti</strong></span> <span class='ocrx_word' id='word_1_214' title='bbox 838 2360 935 2440; x_wconf 88' lang='lat' dir='ltr'><strong>plagis</strong></span> <span class='ocrx_word' id='word_1_215' title='bbox 959 2360 1150 2423; x_wconf 76' lang='lat' dir='ltr'><strong>confossusas</strong></span> 
     </span>
     <span class='ocr_line' id='line_1_27' title="bbox 116 2442 1116 2522; baseline -0.001 -17"><span class='ocrx_word' id='word_1_216' title='bbox 116 2453 177 2521; x_wconf 88' lang='lat' dir='ltr'><strong>est,</strong></span> <span class='ocrx_word' id='word_1_217' title='bbox 199 2460 256 2502; x_wconf 90' lang='lat' dir='ltr'><strong>uuo</strong></span> <span class='ocrx_word' id='word_1_218' title='bbox 284 2442 371 2504; x_wconf 92' lang='lat' dir='ltr'><strong>modo</strong></span> <span class='ocrx_word' id='word_1_219' title='bbox 391 2443 428 2504; x_wconf 92' lang='lat' dir='ltr'><strong>ad</strong></span> <span class='ocrx_word' id='word_1_220' title='bbox 450 2446 571 2522; x_wconf 88' lang='lat' dir='ltr'><strong>primum</strong></span> <span class='ocrx_word' id='word_1_221' title='bbox 596 2445 683 2503; x_wconf 90' lang='lat' dir='ltr'><strong>ictum</strong></span> <span class='ocrx_word' id='word_1_222' title='bbox 705 2445 813 2521; x_wconf 86' lang='lat' dir='ltr'><strong>gemitu</strong></span> <span class='ocrx_word' id='word_1_223' title='bbox 835 2445 898 2505; x_wconf 88' lang='lat' dir='ltr'><strong>sinc</strong></span> <span class='ocrx_word' id='word_1_224' title='bbox 919 2461 995 2504; x_wconf 84' lang='lat' dir='ltr'><strong>voce</strong></span> <span class='ocrx_word' id='word_1_225' title='bbox 1020 2443 1116 2514; x_wconf 86' lang='lat' dir='ltr'><strong>edito;</strong></span> 
     </span>
     <span class='ocr_line' id='line_1_28' title="bbox 117 2519 1118 2606; baseline -0.002 -17"><span class='ocrx_word' id='word_1_226' title='bbox 117 2530 172 2589; x_wconf 90' lang='lat' dir='ltr'><strong>etsi</strong></span> <span class='ocrx_word' id='word_1_227' title='bbox 195 2526 372 2588; x_wconf 89' lang='lat' dir='ltr'><strong>tradiderunt</strong></span> <span class='ocrx_word' id='word_1_228' title='bbox 394 2527 507 2606; x_wconf 89' lang='lat' dir='ltr'><strong>quidam</strong></span> <span class='ocrx_word' id='word_1_229' title='bbox 525 2527 626 2588; x_wconf 89' lang='lat' dir='ltr'><strong>blarco</strong></span> <span class='ocrx_word' id='word_1_230' title='bbox 646 2527 736 2587; x_wconf 90' lang='lat' dir='ltr'><strong>Bruto</strong></span> <span class='ocrx_word' id='word_1_231' title='bbox 760 2529 879 2588; x_wconf 89' lang='lat' dir='ltr'><strong>irruenti</strong></span> <span class='ocrx_word' id='word_1_232' title='bbox 903 2527 1027 2588; x_wconf 74' lang='lat' dir='ltr'><strong>fflnisse:</strong></span> <span class='ocrx_word' id='word_1_233' title='bbox 1049 2519 1118 2589; x_wconf 77' lang='lat' dir='ltr'><strong>Kal</strong></span> 
     </span>
     <span class='ocr_line' id='line_1_29' title="bbox 116 2600 1118 2693; baseline 0 -22"><span class='ocrx_word' id='word_1_234' title='bbox 116 2600 160 2672; x_wconf 79' lang='grc' dir='ltr'><strong>σὺ</strong></span> <span class='ocrx_word' id='word_1_235' title='bbox 185 2607 320 2686; x_wconf 81' lang='grc' dir='ltr'><strong><em>τέκνον;</em></strong></span> <span class='ocrx_word' id='word_1_236' title='bbox 342 2611 507 2688; x_wconf 82' lang='lat' dir='ltr'><strong>Exanimis,</strong></span> <span class='ocrx_word' id='word_1_237' title='bbox 543 2610 759 2689; x_wconf 84' lang='lat' dir='ltr'><strong>diffugientibus</strong></span> <span class='ocrx_word' id='word_1_238' title='bbox 789 2613 916 2690; x_wconf 91' lang='lat' dir='ltr'><strong>cunctis,</strong></span> <span class='ocrx_word' id='word_1_239' title='bbox 954 2611 1118 2693; x_wconf 86' lang='lat' dir='ltr'><strong>aliquandiu</strong></span> 
     </span>
     <span class='ocr_line' id='line_1_30' title="bbox 116 2695 1116 2775; baseline 0 -20"><span class='ocrx_word' id='word_1_240' title='bbox 116 2697 220 2772; x_wconf 90' lang='lat' dir='ltr'><strong>iacuit,</strong></span> <span class='ocrx_word' id='word_1_241' title='bbox 243 2695 338 2756; x_wconf 92' lang='lat' dir='ltr'><strong>donec</strong></span> <span class='ocrx_word' id='word_1_242' title='bbox 356 2695 482 2756; x_wconf 87' lang='lat' dir='ltr'><strong>lecticae</strong></span> <span class='ocrx_word' id='word_1_243' title='bbox 497 2697 677 2775; x_wconf 90' lang='lat' dir='ltr'><strong>impositum,</strong></span> <span class='ocrx_word' id='word_1_244' title='bbox 700 2695 883 2775; x_wconf 87' lang='lat' dir='ltr'><strong>dependente</strong></span> <span class='ocrx_word' id='word_1_245' title='bbox 900 2695 1032 2773; x_wconf 88' lang='lat' dir='ltr'><strong>brachio,</strong></span> <span class='ocrx_word' id='word_1_246' title='bbox 1054 2705 1116 2756; x_wconf 88' lang='lat' dir='ltr'><strong>trcs</strong></span> 
     </span>
     <span class='ocr_line' id='line_1_31' title="bbox 117 2778 1152 2859; baseline -0.007 -18"><span class='ocrx_word' id='word_1_247' title='bbox 117 2780 228 2841; x_wconf 86' lang='lat' dir='ltr'><strong>servoli</strong></span> <span class='ocrx_word' id='word_1_248' title='bbox 252 2780 366 2840; x_wconf 90' lang='lat' dir='ltr'><strong>domum</strong></span> <span class='ocrx_word' id='word_1_249' title='bbox 390 2780 558 2841; x_wconf 87' lang='lat' dir='ltr'><strong>retulerunt.</strong></span> <span class='ocrx_word' id='word_1_250' title='bbox 583 2779 648 2840; x_wconf 86' lang='lat' dir='ltr'><strong>Nec</strong></span> <span class='ocrx_word' id='word_1_251' title='bbox 668 2781 697 2839; x_wconf 93' lang='lat' dir='ltr'><strong>in</strong></span> <span class='ocrx_word' id='word_1_252' title='bbox 721 2788 765 2840; x_wconf 93' lang='lat' dir='ltr'><strong>tot</strong></span> <span class='ocrx_word' id='word_1_253' title='bbox 789 2779 971 2859; x_wconf 84' lang='lat' dir='ltr'><strong>vulneribus,</strong></span> <span class='ocrx_word' id='word_1_254' title='bbox 998 2789 1030 2840; x_wconf 93' lang='lat' dir='ltr'><strong>ut</strong></span> <span class='ocrx_word' id='word_1_255' title='bbox 1056 2778 1152 2842; x_wconf 75' lang='lat' dir='ltr'><strong>Auso</strong></span> 
     </span>
     <span class='ocr_line' id='line_1_32' title="bbox 116 2864 1118 2945; baseline -0.002 -20"><span class='ocrx_word' id='word_1_256' title='bbox 116 2865 210 2925; x_wconf 91' lang='lat' dir='ltr'><strong>tistius</strong></span> <span class='ocrx_word' id='word_1_257' title='bbox 227 2864 355 2925; x_wconf 89' lang='lat' dir='ltr'><strong>medicus</strong></span> <span class='ocrx_word' id='word_1_258' title='bbox 376 2864 573 2941; x_wconf 82' lang='lat' dir='ltr'><strong>existimabat,</strong></span> <span class='ocrx_word' id='word_1_259' title='bbox 597 2864 685 2924; x_wconf 90' lang='lat' dir='ltr'><strong>letale</strong></span> <span class='ocrx_word' id='word_1_260' title='bbox 701 2864 789 2924; x_wconf 90' lang='lat' dir='ltr'><strong>ullum</strong></span> <span class='ocrx_word' id='word_1_261' title='bbox 811 2873 959 2945; x_wconf 89' lang='lat' dir='ltr'><strong>repertum</strong></span> <span class='ocrx_word' id='word_1_262' title='bbox 976 2871 1038 2943; x_wconf 88' lang='lat' dir='ltr'><strong>est,</strong></span> <span class='ocrx_word' id='word_1_263' title='bbox 1060 2865 1118 2925; x_wconf 86' lang='lat' dir='ltr'><strong>nisi</strong></span> 
     </span>
    </p>

    <p class='ocr_par' dir='ltr' id='par_1_5' title="bbox 67 2948 1016 3030">
     <span class='ocr_line' id='line_1_33' title="bbox 67 2948 1016 3030; baseline -0.002 -19"><span class='ocrx_word' id='word_1_264' title='bbox 67 2972 71 2977; x_wconf 94' lang='lat'>·</span> <span class='ocrx_word' id='word_1_265' title='bbox 117 2948 194 3030; x_wconf 92' lang='lat' dir='ltr'><strong>quod</strong></span> <span class='ocrx_word' id='word_1_266' title='bbox 210 2949 338 3009; x_wconf 88' lang='lat' dir='ltr'><strong>secundo</strong></span> <span class='ocrx_word' id='word_1_267' title='bbox 355 2949 424 3011; x_wconf 96' lang='lat' dir='ltr'><strong>loco</strong></span> <span class='ocrx_word' id='word_1_268' title='bbox 441 2951 471 3009; x_wconf 91' lang='lat' dir='ltr'><strong>iu</strong></span> <span class='ocrx_word' id='word_1_269' title='bbox 487 2957 608 3028; x_wconf 91' lang='lat' dir='ltr'><strong>pectore</strong></span> <span class='ocrx_word' id='word_1_270' title='bbox 624 2957 791 3028; x_wconf 90' lang='lat' dir='ltr'><strong>acceperat.</strong></span> <span class='ocrx_word' id='word_1_271' title='bbox 1013 2994 1016 2999; x_wconf 85' lang='lat'>-</span> 
     </span>
    </p>

    <p class='ocr_par' dir='ltr' id='par_1_6' title="bbox 179 3031 1116 3112">
     <span class='ocr_line' id='line_1_34' title="bbox 179 3031 1116 3112; baseline -0.001 -18"><span class='ocrx_word' id='word_1_272' title='bbox 179 3032 286 3094; x_wconf 84' lang='lat' dir='ltr'><strong>Fuerat</strong></span> <span class='ocrx_word' id='word_1_273' title='bbox 308 3035 416 3094; x_wconf 87' lang='lat' dir='ltr'><strong>animus</strong></span> <span class='ocrx_word' id='word_1_274' title='bbox 443 3035 599 3094; x_wconf 89' lang='lat' dir='ltr'><strong>coniuratis</strong></span> <span class='ocrx_word' id='word_1_275' title='bbox 622 3051 729 3112; x_wconf 88' lang='lat' dir='ltr'><strong>corpus</strong></span> <span class='ocrx_word' id='word_1_276' title='bbox 752 3034 844 3092; x_wconf 91' lang='lat' dir='ltr'><strong>occisl</strong></span> <span class='ocrx_word' id='word_1_277' title='bbox 863 3034 892 3092; x_wconf 94' lang='lat' dir='ltr'><strong>in</strong></span> <span class='ocrx_word' id='word_1_278' title='bbox 911 3031 1039 3093; x_wconf 85' lang='lat' dir='ltr'><strong>Tiberim</strong></span> <span class='ocrx_word' id='word_1_279' title='bbox 1060 3038 1116 3093; x_wconf 88' lang='lat' dir='ltr'><strong>tra·</strong></span> 
     </span>
    </p>

    <p class='ocr_par' dir='ltr' id='par_1_7' title="bbox 25 3113 1152 3544">
     <span class='ocr_line' id='line_1_35' title="bbox 116 3113 1117 3197; baseline -0.003 -18"><span class='ocrx_word' id='word_1_280' title='bbox 116 3119 205 3195; x_wconf 89' lang='lat' dir='ltr'><strong>here,</strong></span> <span class='ocrx_word' id='word_1_281' title='bbox 225 3117 302 3178; x_wconf 89' lang='lat' dir='ltr'><strong>bona</strong></span> <span class='ocrx_word' id='word_1_282' title='bbox 314 3117 481 3197; x_wconf 89' lang='lat' dir='ltr'><strong>publicare,</strong></span> <span class='ocrx_word' id='word_1_283' title='bbox 502 3126 566 3179; x_wconf 90' lang='lat' dir='ltr'><strong>acta</strong></span> <span class='ocrx_word' id='word_1_284' title='bbox 583 3116 766 3194; x_wconf 87' lang='lat' dir='ltr'><strong>rescindere,</strong></span> <span class='ocrx_word' id='word_1_285' title='bbox 790 3115 843 3178; x_wconf 90' lang='lat' dir='ltr'><strong>sed</strong></span> <span class='ocrx_word' id='word_1_286' title='bbox 859 3125 937 3177; x_wconf 91' lang='lat' dir='ltr'><strong>metu</strong></span> <span class='ocrx_word' id='word_1_287' title='bbox 953 3115 1045 3178; x_wconf 82' lang='lat' dir='ltr'><strong>blarci</strong></span> <span class='ocrx_word' id='word_1_288' title='bbox 1056 3113 1117 3176; x_wconf 76' lang='lat' dir='ltr'><strong>Au·</strong></span> 
     </span>
     <span class='ocr_line' id='line_1_36' title="bbox 73 3199 1152 3282; baseline -0.006 -15"><span class='ocrx_word' id='word_1_289' title='bbox 73 3203 181 3267; x_wconf 81' lang='lat' dir='ltr'><strong>83toni</strong></span> <span class='ocrx_word' id='word_1_290' title='bbox 202 3200 328 3263; x_wconf 90' lang='lat' dir='ltr'><strong>consulis</strong></span> <span class='ocrx_word' id='word_1_291' title='bbox 353 3210 382 3262; x_wconf 90' lang='lat' dir='ltr'><strong>et</strong></span> <span class='ocrx_word' id='word_1_292' title='bbox 395 3204 526 3280; x_wconf 86' lang='lat' dir='ltr'><strong>magistri</strong></span> <span class='ocrx_word' id='word_1_293' title='bbox 547 3203 672 3282; x_wconf 91' lang='lat' dir='ltr'><strong>equitum</strong></span> <span class='ocrx_word' id='word_1_294' title='bbox 691 3200 793 3280; x_wconf 88' lang='lat' dir='ltr'><strong>Lepidi</strong></span> <span class='ocrx_word' id='word_1_295' title='bbox 811 3200 991 3262; x_wconf 91' lang='lat' dir='ltr'><strong>destiterunt.</strong></span> <span class='ocrx_word' id='word_1_296' title='bbox 1015 3199 1152 3261; x_wconf 73' lang='lat' dir='ltr'><strong>rosus-u</strong></span> 
     </span>
     <span class='ocr_line' id='line_1_37' title="bbox 117 3286 1117 3364; baseline -0.004 -17"><span class='ocrx_word' id='word_1_297' title='bbox 117 3288 196 3347; x_wconf 89' lang='lat' dir='ltr'><strong>lante</strong></span> <span class='ocrx_word' id='word_1_298' title='bbox 222 3305 294 3364; x_wconf 84' lang='lat' dir='ltr'><strong>ergo</strong></span> <span class='ocrx_word' id='word_1_299' title='bbox 314 3286 403 3348; x_wconf 89' lang='lat' dir='ltr'><strong>anio</strong></span> <span class='ocrx_word' id='word_1_300' title='bbox 426 3286 531 3347; x_wconf 67' lang='lat' dir='ltr'><strong>Pisum</strong></span> <span class='ocrx_word' id='word_1_301' title='bbox 553 3305 659 3348; x_wconf 88' lang='lat' dir='ltr'><strong>socero</strong></span> <span class='ocrx_word' id='word_1_302' title='bbox 682 3293 881 3345; x_wconf 89' lang='lat' dir='ltr'><strong>testamentum</strong></span> <span class='ocrx_word' id='word_1_303' title='bbox 903 3286 966 3344; x_wconf 87' lang='lat' dir='ltr'><strong>cius</strong></span> <span class='ocrx_word' id='word_1_304' title='bbox 988 3286 1117 3364; x_wconf 87' lang='lat' dir='ltr'><strong>aperitur</strong></span> 
     </span>
     <span class='ocr_line' id='line_1_38' title="bbox 90 3366 1116 3474; baseline -0.004 -42"><span class='ocrx_word' id='word_1_305' title='bbox 90 3374 314 3474; x_wconf 74' lang='lat' dir='ltr'><strong>3recitaturque</strong></span> <span class='ocrx_word' id='word_1_306' title='bbox 336 3374 366 3431; x_wconf 90' lang='lat' dir='ltr'><strong>in</strong></span> <span class='ocrx_word' id='word_1_307' title='bbox 391 3371 485 3449; x_wconf 61' lang='lat' dir='ltr'><strong>Antan</strong></span> <span class='ocrx_word' id='word_1_308' title='bbox 533 3388 624 3448; x_wconf 47' lang='lat' dir='ltr'><strong>acmo,</strong></span> <span class='ocrx_word' id='word_1_309' title='bbox 665 3369 742 3440; x_wconf 81' lang='lat' dir='ltr'><strong>qnod</strong></span> <span class='ocrx_word' id='word_1_310' title='bbox 768 3368 865 3430; x_wconf 89' lang='lat' dir='ltr'><strong>Idibus</strong></span> <span class='ocrx_word' id='word_1_311' title='bbox 896 3366 1116 3448; x_wconf 84' lang='lat' dir='ltr'><strong>Septembribus</strong></span> 
     </span>
     <span class='ocr_line' id='line_1_39' title="bbox 25 3435 1116 3544; baseline -0.005 -26"><span class='ocrx_word' id='word_1_312' title='bbox 25 3435 257 3544; x_wconf 57' lang='lat' dir='ltr'><strong>ffdnproxonts</strong></span> <span class='ocrx_word' id='word_1_313' title='bbox 286 3458 313 3504; x_wconf 77' lang='lat' dir='ltr'><strong>tn</strong></span> <span class='ocrx_word' id='word_1_314' title='bbox 335 3456 467 3508; x_wconf 56' lang='lat' dir='ltr'><strong>lario-n·</strong></span> <span class='ocrx_word' id='word_1_315' title='bbox 511 3491 523 3500; x_wconf 74' lang='lat'><strong>=·</strong></span> <span class='ocrx_word' id='word_1_316' title='bbox 585 3456 641 3496; x_wconf 55' lang='grc' dir='ltr'><strong>’ΔΜ</strong></span> <span class='ocrx_word' id='word_1_317' title='bbox 669 3483 674 3504; x_wconf 76' lang='grc' dir='ltr'>ι</span> <span class='ocrx_word' id='word_1_318' title='bbox 720 3477 733 3500; x_wconf 68' lang='lat' dir='ltr'><strong>u</strong></span> <span class='ocrx_word' id='word_1_319' title='bbox 821 3453 988 3533; x_wconf 87' lang='lat' dir='ltr'><strong>laveratquc</strong></span> <span class='ocrx_word' id='word_1_320' title='bbox 1009 3451 1116 3531; x_wconf 77' lang='lat' dir='ltr'><strong>virgini</strong></span> 
     </span>
    </p>
   </div>
   <div class='ocr_carea' id='block_1_3' title="bbox 0 0 1177 3870">
    <p class='ocr_par' dir='ltr' id='par_1_8' title="bbox 0 0 1177 3870">
     <span class='ocr_line' id='line_1_40' title="bbox 0 0 1177 3870; baseline 0 0"><span class='ocrx_word' id='word_1_321' title='bbox 0 0 1177 3870; x_wconf 95' lang='lat' dir='ltr'><strong> </strong></span> 
     </span>
    </p>
   </div>
  </div>
 </body>
</html>
