2286 3862
170 169 215 216 ΣΟ
504 166 712 214 PRAEFATIO.

234 326 327 382 Nihilo
342 326 430 381 minus
445 330 534 381 mmen
547 325 636 396 qualis
654 326 688 381 ad
704 342 754 381 nos
770 324 937 382 transmissa
955 322 1017 397 est,¹
1034 343 1090 385 non

171 429 188 470 a
204 411 364 482 Tranquillo
379 409 510 481 scriptam
522 410 574 464 sed
588 409 622 464 ab
640 409 734 480 aliquo
748 407 901 466 scholiasta
916 409 1089 468 breviorem

172 496 271 552 iactam
293 493 431 549 existimo.
476 493 614 549 Desidere
633 493 705 547 enirn
726 498 754 546 nl
774 492 892 548 maxime
915 495 1088 552 necessaria

172 596 304 636 annorum
334 579 409 634 vitae
440 593 580 633 numerum
601 577 658 632 tvl
687 582 715 631 et
733 575 932 632 historicorum
964 592 1089 651 eperum

173 664 326 736 pleniorem
352 661 518 718 memoriam.
563 659 689 732 Amplius
711 660 871 730 nonaddo,
895 676 960 714 enm
988 678 1018 718 e.
1043 680 1087 733 qr.

172 747 341 802 notationem
368 745 467 801 natalis
491 744 639 816 fatalisque
661 744 725 800 anni
751 744 894 799 consulum
917 745 1089 802 nominibus

173 831 270 884 laetam
286 827 446 899 Hieronymi
461 831 555 901 lapsus
573 829 711 885 excludat.
747 827 781 882 Et
797 845 832 882 ne
847 832 952 883 tantum
969 828 1088 900 quidem

172 913 272 968 deesse
288 913 448 983 crederem,
471 913 525 969 nisi
541 919 665 968 veterum
683 912 817 968 librorum
835 913 953 968 lacunae
972 919 1006 968 et
1020 929 1087 970 cor·

172 998 297 1067 ruptclae
314 998 348 1052 ad
365 998 393 1052 id
408 997 576 1052 credendum
592 997 764 1051 inducerent
808 995 891 1051 Initio
912 995 992 1052 eninr
1007 997 1087 1055 vitae

172 1081 205 1139 ab
222 1081 328 1152 aliquot
340 1081 500 1149 codicibus,
522 1080 568 1150 qui
586 1081 620 1134 de
635 1079 835 1150 antiquissimis
852 1085 929 1143 sunt,
953 1080 1017 1136 dno
1034 1098 1087 1138 vo-

172 1164 286 1232 cabula,
308 1165 391 1235 plane
408 1170 438 1218 nt
457 1165 485 1219 in
498 1164 599 1219 Lucani
616 1164 673 1220 vita
689 1164 788 1220 laetum
802 1163 937 1232 vidimus,
963 1165 1086 1227 absunt:

170 1253 226 1301 tum
248 1248 275 1300 in
292 1247 400 1316 media,
422 1248 470 1303 ubi
493 1247 629 1302 edidimus
645 1247 724 1302 ‘curn
740 1246 882 1303 Germanis
899 1253 989 1318 gesta
1010 1255 1087 1319 sunt,

168 1330 218 1384 XX
233 1330 436 1386 voluminibus'
459 1331 587 1404 plerique
608 1330 674 1387 libri
695 1347 756 1388 cum
777 1331 926 1401 Romanu,
952 1330 1085 1391 fortasse

169 1429 265 1468 omnes
285 1414 442 1471 XXXVII
452 1417 497 1472 vel
511 1414 683 1471 XXXVIII
701 1416 878 1472 catanensem
901 1415 1034 1487 babent,
1056 1422 1083 1473 ul

169 1498 283 1552 ducrum
305 1486 420 1571 operum
436 1501 508 1557 tituli
534 1499 689 1556 ‘bellorum
704 1499 868 1556 Germaniae
888 1497 939 1553 lib.
960 1498 1035 1556 XX'
1060 1504 1083 1556 el

168 1579 204 1636 ‘A
220 1584 272 1638 line
291 1583 394 1639 Aufidii
410 1586 489 1641 Bassi
510 1583 558 1638 lib.
571 1582 671 1639 XXXI'
691 1584 815 1640 inunum
836 1581 985 1641 coaluisse
1002 1584 1084 1642 vide·

168 1662 299 1739 antnrffl).

230 1750 386 1821 Descripsit
410 1749 493 1804 vitam
516 1749 630 1804 circiter
652 1770 676 1807 aa
702 1757 770 1810 1244
790 1751 958 1808 Vincentius
983 1755 1085 1811 Bello-

167 1831 297 1887 vacensis
313 1833 395 1904 Spec.
409 1833 473 1888 bist.
490 1841 539 1903 ll,
556 1839 589 1893 67
603 1830 737 1907 (eumque
750 1842 863 1891 secutus
875 1835 994 1892 Walter
1011 1839 1085 1895 Bur-

167 1910 230 1987 ley)
257 1915 320 1970 item
342 1916 505 1973 Franciscus
522 1917 670 1976 Petrarcba
689 1919 801 1975 circiter
823 1937 848 1974 e.
867 1925 936 1980 1348
950 1920 992 1976 de
1010 1921 1085 1979 viris

167 1997 322 2054 illustribus
345 2001 388 2055 cd.
410 2001 495 2057 Basil.
520 2008 717 2074 rosendal.
761 2003 869 2059 Formis
898 2005 1086 2061 excuderunt

166 2080 305 2139 Naturalis
339 2084 475 2141 historiae
512 2085 635 2142 editores
668 2087 732 2142 inde
763 2104 779 2142 a
809 2086 937 2159 principe
964 2087 1085 2147 Veneto

166 2182 191 2220 a.
211 2170 278 2226 1469
298 2168 422 2239 plurimi;
445 2170 519 2240 quod
535 2166 712 2245 ignoransffl)
729 2171 805 2228 Elias
823 2171 940 2225 Vinctus
965 2180 1086 2235 a.1556

167 2248 294 2306 Suetonii
311 2253 346 2307 de
363 2253 549 2323 grammaticis
565 2254 663 2311 libello
678 2255 786 2311 addidit
800 2262 830 2309 ut
845 2253 995 2329 ineditam,
1013 2257 1085 2317 mis·

166 2351 223 2388 sam
238 2335 291 2391 sibi
309 2337 342 2392 ab
353 2336 479 2394 Arnoldo
496 2339 617 2409 Ferron‚
635 2339 681 2409 qni
699 2339 819 2394 Tolosae
835 2355 871 2394 ex
886 2346 1006 2398 vetuste
1029 2358 1083 2399 cc-

166 2418 228 2473 dice
243 2420 311 2475 bibl.
328 2422 399 2475 Petri
416 2421 551 2477 Forensis
568 2418 618 2495 (de
634 2416 723 2496 Foix)
737 2421 893 2479 Cardinalis
908 2422 1084 2498 descripse-

165 2507 217 2556 rat.
263 2506 387 2576 Deniquc
406 2506 529 2562 eiusdem
546 2504 654 2575 gratia,
670 2511 700 2559 ut
716 2521 769 2576 qua
785 2505 960 2577 potissimum
977 2507 1085 2569 Novo-

167 2588 335 2643 comensium
353 2589 466 2645 ambitio
491 2589 641 2658 niteretur,
673 2589 845 2645 llezuonicus
872 2591 926 2646 duo
951 2594 1084 2652 maxima

166 2669 304 2726 uolumina
320 2672 506 2744 conseripsit,
529 2672 579 2728 sed
603 2672 701 2728 critico
719 2689 815 2744 parum
836 2674 990 2732 adiumenti
1007 2680 1085 2735 sub-

166 2744 340 2811 ministravit.

227 2844 293 2907 300,
314 2846 357 2898 29.
377 2845 411 2898 30
432 2838 548 2894 Titulum
570 2844 598 2893 et
618 2840 705 2897 verba
720 2840 829 2896 Pilatus
847 2841 996 2898 Secundus
1019 2863 1080 2912 non

165 2918 267 2974 babent
283 2921 442 2991 Toletanus‚
459 2922 617 2978 Vindoben.
635 2928 667 2993 9,
682 2923 838 2986 Parisd'llld
853 2926 887 2994 A,
901 2927 1081 2986 Barberinus

167 3031 358 3044 ’.-

163 3150 202 3200 ὢ
230 3081 276 3144 87)
295 3083 402 3134 Vinctus
415 3100 515 3149 quoque
526 3086 583 3138 bale
596 3087 731 3139 Pla'aaa'anae
742 3091 808 3140 allae
824 3092 879 3140 loco
893 3091 993 3153 aliquid
1005 3099 1077 3146 aeci·

202 3158 358 3285 sedgitXtum
381 3238 491 3273 errorem
515 3225 593 3275 libere
615 3225 750 3278 confessus
770 3237 808 3278 est
831 3226 990 3278 insecenda
1017 3231 1079 3283 edi-

162 3290 229 3338 tione
248 3304 270 3338 a.
289 3290 357 3341 1570
374 3292 413 3340 vel
434 3293 498 3343 1571
520 3293 594 3355 laeta,
615 3310 692 3358 qnam
709 3295 894 3362 bibliograplris
909 3296 1078 3362 incognitam

162 3371 219 3408 esse
232 3359 319 3413 miror.
357 3360 429 3411 Certe
447 3362 473 3410 in
492 3361 684 3415 Oasaubeniana
702 3367 851 3430 repetitione
869 3364 939 3431 p.32
955 3381 1077 3420 errorem

162 3435 266 3478 excusat
281 3429 392 3480 ‘abhinc
410 3445 489 3481 annos
509 3433 670 3495 quindecim’
690 3435 861 3485 commissum.
