2286 3862
97 198 159 263 208
183 210 213 259 e.
227 207 377 257 sennenn
390 205 520 264 ranna.
537 192 879 252 nemausensem
889 204 961 251 nse.
974 205 1039 253 vn.

100 368 249 430 erectores
269 362 468 442 responderit;
490 369 576 440 atque
592 360 622 418 in
639 358 734 419 iorum
749 376 844 439 usque
866 363 1031 439 prooessit.
1061 362 1105 425 lbi

101 455 223 533 equites,
239 449 342 530 quibus
357 446 489 508 mandata
500 444 686 521 eaedeserat,
696 461 759 502 oum
771 443 986 523 perpublioum
997 445 1105 510 fflmots

101 553 280 618 paganorum
292 531 374 594 turba
390 548 483 610 equos
495 528 674 607 adegissent,
685 530 751 588 viso
764 528 869 607 proeul
882 545 932 607 eo,
945 547 1105 611 parumper

100 624 281 688 restiterunt;
301 617 366 678 dein
384 633 496 675 rursum
511 615 619 674 inuitati
640 611 787 674 desertum
803 630 820 673 a
838 613 900 673 suis
919 614 1099 676 sambida·

100 716 175 767 runt.
1109 713 1122 752 t

58 796 95 850 to
166 791 237 848 Sunt
249 788 297 867 qui
312 785 434 862 tradant,
450 783 486 844 ad
501 785 622 864 primurn
634 781 781 842 tumultum
803 781 1007 860 proclamasse
1021 800 1095 843 enm:

103 872 186 949 Quid
206 872 301 952 opilia
322 868 564 931 commilitones?
584 868 640 947 epo
660 873 763 927 nester
783 882 867 942 sum,
898 872 930 927 et
947 884 1009 928 eos
1028 866 1100 928 atei!

102 957 266 1019 donativum
279 956 364 1016 etiarn
376 953 547 1032 pollicitum.
582 950 685 1012 Plures
697 959 792 1011 autern
802 949 1006 1030 prodiderunt,
1022 960 1105 1032 optu-

102 1043 174 1104 lisse
185 1041 261 1101 ultro
273 1038 400 1116 iugulum
412 1047 441 1097 et
451 1043 486 1097 ut
495 1037 554 1097 boe
566 1043 702 1115 opereat,
716 1053 756 1096 oo
764 1034 906 1114 seirent,
920 1035 1052 1115 quondo
1063 1037 1107 1096 itu

102 1124 275 1199 uideretur,
296 1124 449 1183 hortatum.
480 1119 555 1180 illud
580 1122 679 1180 mirum
701 1118 853 1181 admodum
873 1120 979 1199 fuerit,
1009 1133 1137 1200 nequem

104 1208 299 1290 praesentium
322 1222 494 1284 quemquam
520 1221 608 1283 opem
624 1205 791 1283 imperatori
815 1204 895 1264 ferre
918 1214 1058 1266 cenatum
1079 1214 1107 1265 et

104 1309 205 1353 ornnes
218 1291 267 1368 qui
280 1290 491 1350 arcessirentur
505 1289 656 1367 sprevisse
668 1290 804 1366 nuntium,
819 1297 947 1368 excepta
957 1289 1106 1351 Germani·

105 1378 253 1437 eianorum
263 1373 464 1435 vexillatione.
492 1372 517 1433 li
529 1373 566 1433 ob
581 1392 687 1435 reeens
699 1374 831 1435 meritum
849 1372 928 1453 qnod
941 1392 977 1435 se
994 1391 1106 1452 aegros

105 1471 135 1521 et
152 1458 296 1520 invalidos
312 1475 494 1537 magnopere
515 1458 656 1536 iuvisset,
686 1461 715 1518 in
732 1458 867 1518 auxilinm
882 1457 1106 1536 advolaverunt,

105 1543 158 1606 sed
170 1545 272 1620 serias,
285 1544 389 1604 itinere
402 1542 488 1603 devio
502 1562 554 1623 per
562 1543 753 1621 ignorantiam
764 1542 897 1604 locorum
907 1541 1061 1604 retardati.
1114 1560 1132 1601 u

168 1627 318 1706 Iugulatus
330 1637 375 1687 est
387 1627 423 1688 ad
434 1627 528 1688 laeum
541 1625 620 1688 Curti
633 1646 667 1688 aa
679 1626 799 1688 relictus
809 1629 849 1688 ita
859 1630 899 1688 nti
911 1636 992 1705 erat,
1010 1626 1107 1689 donee

106 1714 260 1791 gregarius
271 1712 355 1772 miles
366 1729 383 1772 a
394 1712 616 1783 frumentatione
635 1712 752 1772 rediens
769 1711 885 1773 abieoto
904 1729 998 1772 onere
1020 1721 1107 1790 eaput

107 1798 135 1857 ei
147 1798 319 1876 amputavit;
332 1804 361 1856 et
373 1797 508 1874 quoniam
519 1796 627 1875 capillo
641 1797 771 1875 arripere
784 1815 843 1858 non
855 1805 982 1876 poterat,
997 1796 1029 1855 in
1041 1813 1106 1874 gre

106 1882 191 1941 mium
203 1879 326 1957 addidit,
338 1897 408 1941 mox
419 1881 528 1940 inserto
540 1897 594 1959 per
608 1899 641 1941 oa
653 1880 764 1961 polline
784 1879 820 1941 ad
831 1879 976 1942 Othonem
993 1879 1106 1941 detulit.

106 1964 161 2025 lile
172 1964 239 2023 lixis
252 1963 459 2043 calonibusque
472 1964 599 2042 donavit,
611 1967 658 2045 qui
673 1965 756 2026 basta
768 1966 902 2026 suffixum
913 1982 973 2025 nun
985 1965 1052 2025 sine
1067 1964 1106 2025 lu·
1114 1983 1136 2024 m

107 2047 201 2108 dibrio
214 2050 322 2108 oireurn
334 2058 429 2109 eastra
442 2058 601 2127 portarunt,
613 2049 808 2112 adclamantes
819 2047 1109 2112 identidem:.Galbo

108 2130 241 2210 Cupido,
256 2131 381 2211 fruaris
394 2138 497 2194 aetate
511 2135 585 2194 tuo!
612 2135 734 2194 maxime
751 2134 853 2196 irritati
871 2134 907 2195 ad
920 2133 1009 2194 talem
1026 2134 1108 2195 ioee

106 2235 169 2278 rum
182 2216 377 2296 petulantiam,
390 2217 468 2296 quod
480 2226 546 2277 ante
559 2236 670 2298 pauens
682 2218 744 2278 dies
756 2220 869 2279 exierat
880 2219 908 2278 in
917 2216 1036 2297 vulgus,
1049 2218 1107 2280 lan·

107 2302 185 2362 danti
203 2301 445 2362 cuidamiermam
460 2320 540 2362 suam
552 2312 582 2362 ut
600 2302 692 2364 adhue
710 2302 840 2364 floridam
858 2313 887 2364 et
899 2312 1041 2381 vegetam
1062 2322 1107 2363 re-

108 2385 264 2465 spondisse
277 2403 342 2445 eum
350 2408 357 2445 ε
365 2376 437 2446 Ἔτι
447 2380 505 2465 μοὶ
513 2380 611 2466 μένος
623 2378 768 2465 ἔμπεδόν
779 2383 879 2448 ἐστιν.
908 2386 955 2448 Ab
967 2388 993 2449 is
1004 2387 1106 2449 Patro·
1115 2406 1138 2445 25

107 2470 149 2530 bii
161 2469 319 2529 Neroniani
330 2469 451 2529 libertus
465 2480 578 2531 eentum
590 2473 685 2532 aureis
696 2471 875 2553 redemptum
894 2489 931 2532 eo
944 2471 1034 2550 loeo,
1060 2471 1107 2532 ubi

108 2555 188 2613 iussu
201 2553 310 2614 Galbae
323 2553 552 2642 animadversum
562 2557 591 2614 in
604 2564 754 2633 patronum
766 2574 846 2616 sunm
860 2556 971 2634 iuerat,
988 2555 1106 2618 abieeit.

109 2637 183 2696 Sero
195 2637 309 2697 tandem
320 2637 505 2718 dispensator
517 2639 645 2717 Argivus
658 2648 688 2700 et
698 2640 756 2701 boe
775 2650 804 2702 et
823 2650 953 2701 aeterum
975 2649 1108 2702 meeum

109 2722 139 2780 in
154 2723 274 2799 privatis
287 2724 349 2782 eins
360 2722 453 2782 bortis
464 2723 584 2784 Aurelia
594 2725 640 2785 via
652 2724 819 2803 sepulturae
831 2723 920 2790 dedit.

66 2813 100 2867 nl
173 2806 287 2866 Statura
309 2807 361 2866 luit
382 2808 474 2883 iusta,
498 2808 592 2886 eapite
617 2809 795 2887 praeualvo,
830 2809 921 2872 oeulis
950 2807 1139 2888 caeruleique

108 2888 221 2950 adunco
233 2907 319 2967 naso,
336 2890 465 2950 manibus
481 2891 662 2972 pedibusque
682 2894 826 2954 articulari
843 2892 946 2954 morbo
964 2892 1108 2976 distomis·

108 2974 196 3050 simis,
209 2982 239 3032 ut
251 2991 346 3053 neque
360 2975 490 3036 ealoeurn
502 2979 619 3055 perpeti
633 2996 689 3037 nee
706 2977 824 3039 libellos
840 2978 982 3039 evolvere
999 2986 1051 3040 ant
1065 2988 1107 3040 te·

108 3077 179 3118 nere
192 3059 306 3118 omnino
324 3058 446 3121 valeret.
482 3060 665 3123 Exureverat
682 3064 766 3123 etiam
781 3063 810 3123 in
828 3063 996 3124 dexteriore
1012 3061 1109 3125 latere

110 3144 172 3202 eius
183 3161 261 3220 earo,
278 3143 556 3225 praependebatque
573 3145 646 3207 adeo
663 3156 694 3207 ut
710 3165 801 3225 aegre
815 3148 908 3209 iasoia
925 3146 1107 3227 substringe·

66 3227 197 3286 22retur.
224 3226 412 3307 Cibiplurimi
423 3230 551 3309 traditur,
570 3231 1028 3310 quemtemporebibernoetiam
1038 3240 1142 3295 anteat

109 3310 204 3371 lucem
223 3331 330 3391 capere
345 3324 515 3392 consuerat,
532 3317 607 3376 inter
624 3334 743 3376 eaenarn
758 3335 830 3378 vero
849 3335 942 3397 usque
960 3334 998 3378 ee
1016 3316 1107 3379 abun·

109 3393 213 3472 dantis,
224 3406 255 3458 ut
272 3407 430 3475 congestas
442 3417 532 3478 super
541 3419 640 3461 manus
652 3399 789 3480 reliquias
802 3400 1109 3464 eireumierri'inberet

109 3482 268 3562 spargique
281 3481 318 3545 ad
328 3482 420 3563 pedes
432 3484 580 3545 stantibus.
610 3484 748 3547 Libidinis
760 3488 788 3548 in
802 3505 898 3548 mares
916 3488 1057 3567 pronior,
1078 3495 1110 3548 et
