2334 3870
91 175 130 234 14
174 185 204 233 c.
221 182 373 233 snunonr
391 178 885 240 nnana.nnv1rncansscnrn
900 182 977 230 ms.
995 183 1023 231 1.

91 340 191 420 populi
203 339 391 413 adimeretur,
408 346 455 397 aut
466 346 496 396 ut
511 338 602 397 ceteri
618 353 734 415 quoque
750 336 949 415 imperatores
966 337 1008 397 ab
1025 357 1108 401 exe-e

92 424 195 485 citibus
207 423 406 490 discedereut;
425 421 565 499 conlisus,
581 430 612 481 ut
628 428 740 499 putant,
756 419 873 481 facilius
888 438 941 498 se,
962 423 1056 483 simul
1071 440 1108 485 c.-

90 527 146 588 que
168 509 316 584 libuisset,
334 514 490 566 veteranos
508 514 732 566 convocaturum
755 522 839 584 quam
854 504 1042 585 Pompeium
1061 526 1106 569 uo

89 611 144 653 vos
167 594 281 654 milites.
327 589 397 651 cun
423 588 598 650 adversariis
622 598 715 649 autem
743 589 873 668 pepigit,
900 598 952 667 ut,
980 590 1104 653 dimissis

90 688 157 738 octo
174 675 338 755 legionibus
354 672 733 761 Transalpinaquesslallia,
752 672 826 733 duae
843 674 902 733 sibi
917 674 1070 753 legiones
1079 684 1113 735 cta

92 761 238 840 Cisalpina
255 759 420 838 provincia,
444 758 492 817 vel
508 760 594 819 etiam
609 776 664 818 una
678 757 758 834 legio
775 776 838 817 cum
853 757 984 833 Illyrico
1004 778 1097 822 conte

48 847 223 919 nodaretur,
249 843 344 921 quoad
366 842 467 902 consul
491 843 583 903 lieret.
627 844 736 903 Verum
761 859 856 921 neque
884 852 1000 905 senatu
1025 847 1103 905 inter·

88 928 223 989 veniente
244 936 272 986 et
292 927 467 988 adversariis
489 926 678 1004 negantibus,
701 925 787 986 ullam
807 942 841 985 se
862 925 902 986 de
925 946 965 987 re
990 929 1105 1009 publica

89 1014 219 1074 facturos
235 1014 416 1090 pactionem,
440 1012 550 1071 transiit
570 1012 598 1070 in
621 1011 787 1070 citeriorem
807 1009 955 1089 Galliam,
979 1032 1104 1075 conven-

89 1097 223 1174 tibusque
248 1097 374 1173 peractis
388 1097 544 1154 Ravennae
566 1094 708 1171 substitit,
731 1095 810 1155 bello
832 1095 1063 1176 uindicaturus,
1084 1098 1130 1158 sin

91 1181 158 1260 quid
179 1178 214 1239 de
231 1179 350 1239 tribunis
367 1177 462 1256 plebis
483 1178 729 1238 intercedentibus
749 1196 802 1258 pro
821 1196 853 1238 se
876 1182 1011 1256 gravius
1029 1202 1047 1245 a
1065 1201 1106 1243 se

89 1274 157 1326 natn
175 1265 356 1324 constitutum
375 1272 462 1322 esset.

152 1347 190 1408 Et
217 1356 396 1427 praetextum
421 1346 534 1426 quidem
559 1347 601 1406 illi
627 1347 752 1407 civilium
775 1362 920 1409 armorum
948 1348 1017 1412 hoc
1040 1353 1105 1420 luit:

92 1451 194 1495 causas
217 1442 311 1494 antem
332 1431 404 1493 alias
424 1433 513 1492 luisse
531 1432 693 1510 opinantur.
739 1430 854 1492 Gnaeus
874 1431 1048 1513 Pompeius
1071 1438 1107 1497 ita

91 1516 254 1594 dictitabat,
277 1515 354 1596 quod
377 1535 472 1595 neque
495 1534 586 1595 opera
610 1532 807 1576 consummare
827 1533 903 1594 qnae
922 1517 1133 1597 instituerat,n

90 1620 185 1682 neque
202 1602 303 1681 populi
319 1603 568 1679 expectationem,
594 1599 733 1678 quamde
755 1599 879 1660 adventu
897 1618 954 1661 suo
977 1604 1107 1683 iecerat,

91 1687 210 1764 privatis
223 1684 328 1762 opibus
344 1684 465 1760 explere
482 1692 600 1762 posset,
617 1683 733 1744 turbare
751 1685 843 1743 omnia
860 1702 896 1744 ac
914 1691 1107 1764 permiscere

88 1770 228 1828 voluisse.
273 1767 332 1825 lllii
349 1766 477 1826 timuisse
493 1767 604 1842 dicunt,
621 1786 657 1826 ne
681 1764 798 1845 eorum,
821 1785 895 1846 quae
915 1771 1019 1848 primo
1039 1790 1105 1835 con-

90 1852 182 1912 sulatu
195 1849 334 1910 adversus
347 1851 475 1927 auspicia
492 1850 634 1928 legesque
652 1860 681 1910 et
696 1852 923 1913 intercessiones
938 1860 1106 1934 gessisset,
1154 1858 1158 1887 ²

89 1937 228 1996 rationem
242 1932 366 1992 reddere
384 1943 553 2010 cogeretnr;
572 1952 635 1993 cnm
646 1935 684 1995 Μ.
699 1933 770 1995 Cato
788 1936 944 1997 identidem
965 1959 1029 2003 neo
1044 1944 1131 2003 sinen
1152 1898 1162 2007 Ι,

89 2022 151 2079 iure
168 2016 285 2077 iurando
302 2017 496 2095 denuntiaret,
519 2017 678 2079 delaturum
696 2038 728 2079 se
750 2038 855 2081 nomen
873 2023 938 2083 eius
961 2026 1106 2089 simulac
1159 2046 1163 2051 ·

89 2104 209 2183 primum
229 2102 388 2163 exercitum
407 2101 575 2174 dimisisset;
602 2123 723 2184 cumque
741 2105 830 2182 vulgo
853 2105 920 2166 lore
943 2111 1105 2187 praedica·
1156 2126 1162 2151 ³

88 2196 169 2265 rent,
193 2195 225 2247 ut
242 2189 267 2247 si
288 2188 417 2267 privatus
433 2187 572 2268 redisset,
590 2189 707 2250 llilonis
726 2188 861 2268 exemplo
879 2191 1105 2274 circumpositis

89 2273 206 2335 armatis
228 2292 343 2335 causam
364 2272 440 2354 apud
458 2273 568 2335 iudices
590 2275 708 2335 diceret.
753 2273 837 2349 Quod
856 2274 1050 2354 probabilius
1063 2280 1104 2341 la-

91 2360 129 2419 cit
152 2359 270 2420 Asinius
298 2359 409 2436 Pollio,
438 2359 604 2420 Pharsalica
631 2360 694 2418 acie
723 2376 828 2418 caesos
858 2360 1130 2445 profligatosqucs

89 2443 275 2504 adversarios
299 2444 526 2523 prospicientem
546 2443 619 2502 baec
638 2459 703 2500 enm
725 2442 761 2502 ad
784 2443 904 2503 verbum
922 2443 1043 2510 dixisse
1057 2467 1103 2509 rs-

88 2527 203 2586 lerens:
222 2526 291 2587 Hoc
308 2527 489 2595 columnam·
512 2525 606 2585 tontis
625 2523 720 2584 sebna
740 2528 837 2605 pectis
851 2527 953 2589 Gaius
971 2530 1104 2595 Caesar

88 2607 309 2669 condemnatus
327 2627 439 2683 essem,
461 2609 524 2668 aiei
543 2606 584 2668 nb
606 2609 743 2670 exercitu
766 2612 917 2673 aemiliam
934 2616 1101 2692 petissem.
1158 2648 1162 2657 ·

88 2689 209 2763 Quidam
238 2700 337 2771 putant
364 2701 477 2772 captum
504 2693 618 2771 imperii
646 2697 853 2757 consuetudine
881 2700 1103 2785 pensitatisque

88 2773 146 2833 suis
163 2783 192 2833 et
209 2775 388 2836 inimicorum
403 2775 528 2852 viribus,
549 2796 630 2838 nsum
651 2781 808 2841 occasione
827 2781 990 2861 rapiendae
1009 2787 1131 2851 domi-at
1154 2774 1165 2873 ,ἶ

88 2859 224 2935 nationis,
247 2878 331 2938 quam
349 2870 444 2922 aetate
461 2861 551 2939 prima
569 2865 764 2942 concupisset.
810 2866 893 2942 Quod
909 2869 1103 2935 existimasse

88 2941 237 3003 videbatur
256 2951 284 3003 et
299 2942 420 3023 cicero,
445 2946 577 3006 scribens
592 2947 628 3007 de
645 2947 756 3009 Officiis
773 2952 858 3011 tertio
880 2951 956 3013 libro
975 2971 1102 3039 semper

90 3026 244 3090 Gaesarem
270 3028 297 3085 in
329 3046 381 3089 ore
408 3028 544 3092 babuisse
570 3033 627 3111 [est
651 3034 680 3091 in
701 3034 882 3097 Phoenissis:
911 3038 1008 3120 εἴπερ
1057 3032 1080 3105 ὰ

89 3103 216 3176 ἀδικεῖν
230 3104 307 3192 χρή,
325 3112 527 3193 τυραννίδος
541 3112 617 3197 πέρι
631 3108 810 3180 κάλλιστον
826 3109 987 3201 ἀδίκημα·
1007 3124 1090 3189 scd

89 3188 174 3258 itta
188 3185 338 3277 εὐσεβεῖν
353 3189 472 3279 χρεών]
490 3200 636 3281 Euripidis
651 3222 770 3282 versus,
787 3223 862 3284 quos
880 3206 922 3266 sic
939 3207 1008 3287 ipse
1027 3228 1132 3275 con-ss

90 3284 190 3343 vertit·

244 3372 315 3429 Nom
336 3374 361 3429 si
379 3373 534 3430 molendum
556 3381 598 3430 cst
615 3377 671 3445 ius,
689 3377 822 3449 regnandi
839 3381 931 3450 probb

248 3455 409 3516 dictandam
429 3466 481 3517 eat:
501 3460 558 3512 utin
602 3459 661 3500 ’¹¹⁴¹‘
690 3460 804 3516 “iamlam
828 3464 901 3504 “alm
