2334 3870
475 216 647 266 ursmarus.
1002 205 1061 266 115

61 388 140 451 pone
160 372 325 451 occipitium
351 373 546 432 summissiore
566 381 598 432 ut
622 373 767 432 cervicem
786 371 871 430 etiam
898 369 1062 451 obtegeret,

63 455 141 534 quod
157 456 266 533 gentile
285 459 314 516 in
332 456 383 516 illo
406 455 570 526 videbatur;
594 456 671 516 facie
690 456 824 533 honesta,
848 456 877 513 in
896 472 951 533 qua
966 464 1063 517 tamen

63 539 158 621 crebri
179 549 208 599 et
231 539 316 599 subiti
341 548 488 615 tumores,
511 558 575 600 cum
596 540 826 619 praegrandibus
842 539 936 599 oculis
955 548 984 599 et
1003 540 1061 619 qui,

61 623 137 702 quod
159 626 260 683 mirum
283 632 374 699 esset,
398 632 486 683 noctu
508 626 592 684 etiam
615 634 643 683 et
659 623 831 685 intenebris
848 623 991 700 viderent,
1010 623 1064 683 sed

34 707 96 766 tad
117 707 211 767 breve
233 715 262 766 et
286 725 349 766 cum
369 708 491 785 primum
511 726 527 767 a
551 724 653 767 somno
676 711 850 786 patuissent;
874 706 980 767 deinde
1002 725 1063 766 rur·

59 809 122 850 sum
144 789 354 853 hebescebant.
385 790 546 851 Incedebat
570 792 687 850 cervice
709 793 801 868 rigida
826 801 854 851 et
870 791 996 871 obstipa,
1015 789 1063 851 ad·

60 874 148 933 ducto
177 874 242 934 iere
269 873 363 951 vultu,
391 875 564 955 plerumque
592 876 713 952 tacitus,
744 873 823 934 nullo
846 885 893 934 aut
915 877 1063 938 rarissimo

59 960 145 1018 etiam
179 976 242 1017 cnm
269 960 408 1037 proximis
431 977 568 1020 sermone
597 976 693 1038 eoque
716 959 896 1035 tardissimo,
919 978 974 1018 nec
1000 962 1063 1019 sine

56 1041 138 1102 molli
160 1042 279 1121 quadam
302 1043 457 1120 digitorum
476 1043 710 1122 gesticulatione.
742 1044 824 1119 Quae
843 1044 935 1102 omnia
953 1043 1064 1119 ingrata

19 1136 143 1205 rcatque
164 1129 348 1204 arrogantiae
372 1129 459 1207 plena
482 1138 511 1188 et
533 1128 734 1188 animadvertit
753 1129 903 1206 Augustus
924 1129 952 1185 in
976 1144 1012 1187 eo
1036 1133 1065 1186 et

56 1228 198 1271 excusare
219 1213 368 1289 temptavit
392 1230 483 1291 saepe
506 1213 582 1292 apud
605 1222 735 1272 senatum
757 1231 792 1273 ac
813 1213 966 1293 populum,
995 1229 1061 1292 pro·

55 1297 152 1356 fessus
175 1304 294 1354 naturae
317 1296 385 1354 vitia
408 1314 492 1371 esse,
522 1314 583 1355 non
604 1299 697 1355 animi.
733 1297 898 1357 Valitudine
921 1314 1061 1377 prosper·

55 1383 126 1440 rima
157 1395 226 1435 usus
256 1385 320 1453 est,
347 1385 481 1452 tempore
512 1377 628 1452 quidem
656 1381 838 1455 principatus
871 1399 966 1456 paene
999 1389 1061 1438 toto

57 1478 155 1541 prope
183 1459 309 1535 inlaesa,
339 1457 469 1536 quamvis
491 1477 509 1517 a
530 1459 679 1516 tricesimo
705 1463 807 1518 aetatis
829 1479 903 1519 anno
926 1461 1065 1518 arbitratu

19 1563 124 1611 neam
147 1559 200 1602 suo
223 1542 334 1602 rexerit
356 1543 420 1601 sine
442 1541 606 1602 adiumento
628 1540 790 1599 consiliove
812 1543 1000 1602 medicorum.

122 1627 207 1689 Circa
229 1626 302 1687 deos
324 1644 360 1689 ac
381 1627 541 1705 religiones
564 1625 778 1704 neglegentior,
803 1627 911 1706 quippe
934 1625 1063 1685 addictus
1072 1645 1106 1701 69

56 1713 276 1774 mathematicae
299 1712 462 1791 plenusque
484 1711 698 1791 persuasionis,
723 1720 825 1772 cuneta
847 1710 908 1770 lato
925 1711 984 1788 agi.
1008 1709 1064 1770 To·

57 1801 149 1858 nitrua
181 1806 275 1858 tamen
309 1805 428 1877 praeter
454 1798 569 1857 modum
601 1796 820 1876 expavescebat
849 1804 878 1854 et
906 1794 1065 1855 turbatiore

58 1882 142 1943 caelo
159 1899 312 1960 numquam
333 1899 391 1942 non
414 1898 551 1943 coronam
570 1882 698 1943 lauream
716 1883 812 1960 capite
831 1880 967 1959 gestavit,
988 1878 1065 1959 quod

20 1967 176 2026 aoiulmiue
200 1965 291 2026 silleri
313 1976 437 2042 negetur
458 1967 487 2026 id
508 1985 602 2043 genus
624 1965 746 2026 irondis.

117 2049 207 2110 Artes
239 2049 378 2109 liberales
399 2051 547 2129 utriusque
575 2053 693 2128 generis
723 2050 933 2110 studiosissime
963 2051 1060 2112 coluit.
1070 2058 1106 2116 to

55 2136 89 2197 ln
117 2134 248 2195 oratione
269 2133 368 2194 Latina
396 2143 513 2193 secutus
535 2143 579 2193 est
598 2133 753 2194 Corvinum
774 2136 946 2210 ldessalam,
978 2153 1064 2212 quem

58 2237 158 2281 senem
181 2217 356 2279 adulescens
377 2217 558 2278 observarat.
590 2219 648 2278 Sed
670 2217 867 2280 adfectatione
890 2227 919 2278 et
942 2218 1064 2278 morosi·

56 2313 117 2365 tate
133 2304 217 2363 nimia
237 2302 413 2363 obscurabat
430 2301 536 2380 stilum,
557 2312 587 2363 ut
606 2302 753 2381 aliquanto
773 2323 810 2363 ex
828 2313 961 2382 ternpore
980 2319 1065 2380 quam

17 2407 75 2450 ma
105 2405 174 2448 cura
200 2388 393 2466 praestantior
413 2386 579 2447 haberetur.
610 2385 781 2464 Composuit
807 2397 836 2447 et
859 2405 974 2447 carmen
997 2387 1065 2462 lyri-

59 2491 139 2549 cum,
169 2473 249 2531 cuius
273 2481 317 2532 est
338 2473 436 2533 titulus
461 2471 647 2551 Conquestio
668 2471 706 2531 de
726 2478 824 2532 morte
842 2470 878 2531 L.
901 2471 1062 2532 Caesaris.

56 2557 141 2618 Fecit
159 2565 188 2616 et
205 2554 317 2617 Graeca
340 2565 473 2637 poemata
496 2557 620 2618 imitatus
637 2555 856 2635 Euphorionem
879 2564 908 2615 et
923 2556 1064 2617 Rhianum

58 2650 87 2702 et
110 2639 308 2717 Parthenium,
332 2641 435 2721 quibus
459 2642 555 2720 poetis
577 2641 730 2702 admodum
752 2641 930 2717 delectatus,
955 2643 1064 2721 scripta

58 2724 183 2787 omnium
213 2734 242 2784 et
270 2728 412 2804 imagines
440 2726 567 2804 publicis
589 2726 777 2787 bibliothecis
799 2728 874 2785 inter
895 2733 1012 2785 veteres
1035 2733 1066 2785 et

19 2810 237 2890 sopraecipuos
260 2819 396 2871 auctores
419 2809 572 2888 dedicarit,
596 2820 625 2871 et
648 2810 687 2872 ob
710 2811 924 2903 hofflerique
939 2809 1064 2869 erudito·

55 2913 119 2956 rum
136 2896 266 2954 certatim
281 2894 318 2954 ad
340 2914 405 2955 eum
423 2895 510 2955 multa
530 2895 565 2955 de
582 2886 803 2956 hffemdeiunt.
829 2895 953 2955 Maxime
969 2903 1066 2955 tamen

57 2979 171 3039 curavit
191 2979 321 3038 notitiam
344 2979 483 3039 historiae
504 2979 643 3040 fabularis
666 2999 759 3058 usque
782 2979 817 3039 ad
834 2979 959 3058 ineptias
979 2986 1065 3056 atque

56 3062 201 3131 derisum;
224 3081 289 3122 nam
313 3071 341 3122 et
363 3064 586 3141 grammaticos,
610 3064 687 3142 quod
710 3081 803 3141 genus
820 3065 965 3124 hominum
980 3079 1065 3142 prae·

57 3149 155 3226 cipue,
178 3155 210 3206 ut
231 3146 363 3224 diximus,
386 3147 553 3226 appetebat,
576 3148 737 3208 eiusmodi
759 3149 823 3209 iere
847 3146 1065 3228 quaestionibus

20 3251 48 3293 sc
57 3229 281 3310 experiebatur,
311 3248 391 3311 pune
412 3238 512 3292 muter
533 3229 697 3309 Hecubae,
721 3232 805 3313 quod
824 3230 940 3293 Achilli
956 3248 1066 3292 nomen

56 3316 139 3376 inter
157 3313 294 3394 cirpines
314 3314 444 3394 fnisset,
469 3314 544 3396 quid
556 3316 683 3378 Sirenes
697 3323 826 3378 cantare
847 3317 910 3378 sint
930 3316 1064 3378 solitae?

56 3399 96 3461 Et
118 3417 176 3479 quo
200 3400 320 3478 primum
342 3401 388 3462 die
407 3409 475 3481 post
497 3419 650 3463 excessum
664 3401 789 3479 Augusti
811 3404 918 3461 curiam
940 3401 1056 3462 intravit,

58 3484 142 3563 qussi
177 3484 279 3563 pietati
316 3486 400 3546 simul
431 3503 466 3546 ac
501 3486 637 3564 religioni
670 3487 741 3547 satis
773 3486 917 3563 iacturas,
969 3485 1058 3536 binat-

859 3567 901 3631 8*
