2286 3862
162 224 223 275 XIV
503 222 711 271 PRAEFATIO.

166 383 264 439 melius
281 397 344 436 mox
359 381 387 436 in
405 381 485 452 peius
501 379 607 449 mutati,
625 380 743 451 denique
758 380 876 452 perlecti
892 400 925 438 ac
941 400 1078 442 consum-

166 466 230 522 mati
247 481 379 536 nusquam
400 463 509 536 plenam
532 464 679 534 imaginem
701 462 845 520 videamus
869 467 1072 525 adumbratam.

167 548 273 606 Deinde
287 549 341 603 hoc
354 547 383 602 iu
394 547 529 604 Suetonio
545 547 801 618 reprehendendum
818 554 871 618 est,
887 549 961 621 quod
976 567 1078 610 rerum

165 632 338 706 publicarum
354 631 443 686 minus
462 630 582 701 diligens
605 629 657 684 luit
673 645 753 700 quam
768 629 916 687 Caesarum
936 636 1078 705 personis

164 715 277 786 dignum
291 714 410 770 videtur.
456 715 497 769 lte
513 729 544 768 re
563 713 675 784 publica
694 729 764 785 pace
780 715 912 786 belloque
927 717 972 773 vel
990 725 1077 778 aucta

164 799 211 856 vel
226 797 374 867 deminuta,
391 797 425 853 de
441 796 541 852 ciuium
558 796 824 868 provincialiumque
842 805 931 868 statu,
946 802 981 855 de
996 802 1077 874 legi.

164 882 216 938 bus
238 887 265 936 et
282 879 489 950 magistratibus
509 896 596 951 pauca
612 881 746 950 quaedam
768 886 795 935 et
810 881 928 939 disiecta
951 882 1076 942 adnota-

164 964 221 1034 vit,
241 970 315 1020 totus
331 963 392 1018 lere
409 963 437 1018 iu
458 963 487 1019 id
501 963 638 1032 intentus,
660 968 690 1017 ut
710 980 724 1018 a
742 962 908 1021 Caesaribus
924 967 983 1023 suis
1000 969 1074 1026 nibil

163 1047 272 1104 bumani
294 1046 413 1103 alienum
435 1045 522 1101 luisse
544 1046 668 1102 doceret.
712 1045 783 1102 Hinc
803 1048 967 1104 factumest
988 1057 1019 1106 ut
1042 1052 1074 1109 in

162 1129 227 1186 Diui
241 1130 361 1200 Augusti
376 1130 433 1186 vita
447 1128 591 1201 Agrippae
615 1135 643 1183 et
656 1130 824 1187 Maecenatis
842 1133 955 1202 laudes,
976 1133 1006 1188 in
1021 1135 1073 1191 'li-

163 1214 245 1272 bario
256 1212 351 1269 Seiani
367 1214 477 1269 scelera
491 1212 587 1269 verbis
598 1214 644 1268 vel
660 1213 745 1269 nullis
755 1215 801 1270 uel
816 1215 989 1287 parcissimis
1004 1218 1074 1274 illu-

162 1302 332 1360 amarentur:
348 1294 450 1351 hinec.
460 1293 603 1367 Caligulae
616 1296 824 1369 spurcissimum
835 1298 905 1354 illud
917 1299 1070 1371 quadrien-

161 1380 235 1436 nium
248 1379 352 1451 integri
366 1379 433 1436 libri
447 1379 566 1452 spatium
584 1379 723 1451 explevit3
738 1380 803 1436 binc
815 1381 895 1437 trium
910 1381 1068 1456 principum

160 1464 293 1534 rebellio,
308 1464 361 1519 uisi
378 1463 465 1519 Taciti
480 1463 612 1520 historias
628 1463 737 1520 lortuna
752 1472 904 1534 servasset,
921 1466 1067 1525 obscuris.

160 1546 230 1604 sima
246 1548 331 1604 toret.

223 1631 341 1688 Laborat
359 1630 446 1701 igitur
469 1630 667 1685 Suetoniauum
688 1646 776 1700 genus
801 1632 877 1687 uitiis
903 1632 1059 1704 quibusdam

161 1729 215 1770 uon
234 1712 360 1782 exiguis,
383 1728 454 1783 quae
470 1727 530 1766 cunr
546 1712 622 1767 vitae
642 1712 851 1785 studiorumque
866 1728 972 1786 genere
992 1715 1065 1771 scri-

159 1796 249 1870 ptoris
264 1794 393 1850 uidentur
409 1794 556 1851 coniuncta
572 1794 666 1851 luisse.
711 1797 833 1853 Publicis
850 1800 922 1854 euim
941 1798 1066 1854 muneri-

159 1877 212 1936 bus
228 1893 373 1948 numquam
388 1878 497 1933 luuctus
512 1894 564 1933 nec
584 1879 673 1949 magis
692 1881 774 1935 animi
789 1882 905 1952 quadam
926 1881 1068 1953 magnitu-

160 1962 224 2017 dine
243 1961 361 2017 naturali
378 1960 505 2031 adiutus,
526 1963 576 2018 sed
591 1962 681 2019 libros
695 1962 839 2021 indefesso
856 1965 950 2021 studio
964 1966 1068 2036 legere

70 2114 74 2119 ι
160 2058 314 2115 excerpere
338 2044 410 2100 inter
435 2061 466 2100 se
489 2045 620 2101 conterre
637 2047 757 2118 solitus,
780 2048 891 2105 facilius
909 2047 1068 2117 singularia

159 2132 188 2182 at
202 2126 296 2198 aliquo
312 2129 393 2184 niodo
407 2129 544 2185 exstantia
560 2129 633 2186 iacta
645 2132 690 2186 vel
705 2132 778 2188 dicta
793 2133 1016 2189 animadvertere
1034 2149 1068 2188 ac

160 2226 210 2282 per
226 2211 318 2283 capita
334 2227 502 2284 componere
518 2230 598 2284 quam
613 2216 786 2285 aequabilem
801 2218 1001 2287 copiosumque
1019 2233 1068 2269 re-

75 2340 79 2345 .
159 2311 218 2350 rum
233 2295 368 2368 ordinem,
383 2297 431 2368 qui
446 2298 525 2369 quasi
539 2299 613 2354 vitae
628 2299 761 2353 humanae
780 2297 926 2352 decursum
942 2293 1067 2364 aliquem

158 2379 323 2450 imitaretur,
338 2387 489 2453 pertexere
507 2380 607 2451 potuit.
650 2380 717 2433 lude
734 2377 876 2449 explicare
892 2377 969 2446 licet,
986 2383 1064 2448 quod

160 2479 229 2534 quae
253 2464 288 2518 de
308 2464 368 2519 eius
391 2463 549 2518 lllustribus
570 2461 640 2516 viris
663 2465 827 2532 supersunt,
847 2461 975 2532 quoniam
998 2471 1066 2519 sunt

158 2544 297 2599 bominum
317 2544 420 2599 litteris
442 2543 597 2598 deditorum
617 2542 709 2612 vitae,
734 2544 885 2599 accedente
907 2545 990 2600 etiam
1019 2547 1064 2600 in-

158 2624 232 2694 signi
255 2626 425 2696 singularum
441 2623 597 2694 breuitate,
618 2624 800 2698 perfectionis
820 2628 942 2700 speciem
958 2629 1064 2684 habent

157 2708 304 2773 maiorem
330 2707 466 2765 Caesares
490 2723 575 2778 vero,
601 2708 662 2765 sive
683 2710 740 2766 nati
761 2717 824 2765 sunt
845 2717 873 2766 et
897 2712 1006 2766 educati
1027 2715 1063 2769 ad

157 2808 234 2865 spem
249 2791 418 2864 imperandi,
435 2793 495 2848 sive
509 2798 642 2864 provecta
657 2799 748 2850 aetate
763 2795 798 2849 ad
812 2795 996 2866 principatum
1013 2812 1063 2851 ac-

157 2881 320 2945 cesserunt,
337 2877 372 2932 ad
395 2891 475 2931 unam
499 2875 669 2946 eandemque
692 2877 751 2932 tere
774 2877 893 2949 capitum
913 2877 1062 2935 formulam

156 2957 290 3030 descripti
308 2965 387 3031 sunt,
407 2965 438 3013 ut
452 2959 656 3030 grammaticum
676 2961 814 3016 bominem
829 2977 984 3032 agnoscere
1007 2963 1061 3019 tibi

156 3042 287 3113 videare,
311 3044 357 3114 qui
381 3059 417 3098 ex
437 3049 578 3099 auctorum
600 3043 706 3100 inflnita
726 3045 899 3101 multitudine
923 3045 1061 3103 notabilia

156 3141 283 3196 quaeque
305 3128 437 3200 decerpta
454 3133 482 3181 et
502 3127 530 3181 in
546 3127 686 3183 discretos
709 3129 933 3185 aduersariorum
949 3129 1060 3186 forulos

156 3209 292 3280 disposita
313 3210 462 3267 interiecto
482 3216 608 3283 tempore
623 3228 790 3285 componere
814 3219 841 3268 et
856 3212 921 3268 stilo
936 3211 1059 3268 formare

155 3309 307 3363 aggressus
328 3301 380 3351 est.

109 3389 136 3423 se.
214 3376 284 3432 Sunt
300 3385 389 3435 tamen
411 3379 455 3436 bis
474 3379 544 3453 ipsis
560 3380 636 3437 uitiis
660 3381 757 3437 laudes
782 3379 965 3448 coniunctae,
988 3396 1058 3449 quas

153 3461 274 3530 prudens
288 3461 483 3521 historicarum
497 3480 589 3520 rerum
610 3465 696 3521 iudex
711 3463 820 3521 maximi
836 3461 934 3519 faciet:
952 3461 981 3517 in
996 3464 1058 3518 ccl-

1091 3642 1107 3709 l

1081 3716 1091 3751 r
