2334 3870
101 176 162 239 310
371 180 399 228 c.
425 176 590 228 suanorum
610 172 825 233 rnunounnn

164 339 243 400 Intcr
258 334 450 396 Saturnalium
466 341 495 392 et
508 327 746 406 saturnaliorum]
770 326 796 387 si
810 324 906 387 dixero
922 327 1109 391 Saturnalic-

103 443 164 486 rum
179 431 210 482 ut
224 420 437 497 subselliorum,
453 414 620 478 Saturnaliis
634 413 705 472 lacit
716 420 747 471 ut
760 410 916 481 subselliis;
934 418 966 471 ct
982 412 1057 474 ideo
1067 412 1109 474 di·

106 509 195 569 cimus
211 505 418 581 Saturnalium,
435 509 465 562 ut
478 499 570 578 possit
584 498 648 557 lieri
666 493 873 556 Saturnalibus.

168 590 249 650 luter
271 589 354 649 allum
376 595 405 646 ιι
424 584 543 645 alterum
565 581 623 641 boc
636 583 773 657 interest,
797 578 875 658 quod
888 578 958 639 alter
971 596 1009 639 ex
1026 577 1103 641 duo·

107 674 181 749 bus,
198 674 270 733 alius
286 668 427 730 exturba.
1111 688 1125 727 s

171 756 248 816 luter
260 770 383 829 gnavum
402 759 430 811 et
446 750 579 828 gnarum}
600 751 718 827 ignarus
733 756 779 808 est
789 747 915 823 inscius,
927 764 1034 825 guarus
1046 756 1104 808 tra·

109 842 151 902 bit
165 837 416 913 significationem
442 835 579 914 [gnavus]
603 832 680 914 quod
703 833 727 892 si
741 834 766 891 is
791 831 841 911 qul
862 828 942 891 celer
960 839 1006 891 est
1020 848 1111 892 navus

109 930 167 996 est,
188 920 236 996 qui
258 919 346 997 piger
360 928 405 980 est
429 921 566 997 ignavum
582 934 690 995 gnarus
706 925 800 976 autem
813 914 921 975 dicitur
939 917 1060 995 sciens,
1078 934 1114 977 ex

109 1003 252 1065 contrario
273 1003 439 1082 colligimus
451 1006 581 1079 ignarum
596 1019 664 1060 esse
681 1002 862 1061 inscientem.
1014 1016 1018 1021 ·

169 1082 285 1164 Cornu,
309 1105 445 1161 cornum,
468 1103 573 1144 cornus
591 1084 657 1162 quid
673 1084 816 1145 differunt.
851 1081 978 1144 Cornum
993 1098 1135 1161 pomumsc

107 1168 265 1246 slgnilicat,
281 1170 351 1231 facit
367 1172 440 1228 enim
459 1184 561 1236 corna;
581 1185 670 1228 cornu
683 1168 772 1228 telum
790 1168 953 1246 significat,
969 1175 1106 1245 tamquam

106 1268 200 1331 genu,
221 1251 293 1311 lacit
309 1254 383 1314 enim
402 1269 508 1312 cornua
531 1261 675 1330 tamquam
691 1270 801 1330 genum
834 1268 943 1312 cornus
957 1260 1050 1311 autem
1068 1257 1111 1309 est

108 1334 205 1401 arbor.

170 1425 247 1481 lnter
275 1420 321 1481 lac
350 1420 409 1480 lact
430 1428 459 1480 et
486 1419 581 1499 lacte]
604 1420 651 1480 lac
674 1427 702 1479 ιι
725 1418 785 1480 lact
804 1436 862 1479 non
881 1428 966 1480 recte
988 1418 1114 1495 dicimus,

110 1504 299 1584 quianullum
319 1522 426 1565 nomen
443 1506 472 1564 in
491 1521 506 1563 c
525 1505 620 1564 littera
636 1505 757 1580 desinit,
782 1503 833 1582 [ita
847 1520 904 1563 nec
926 1503 984 1564 duc
998 1520 1055 1563 nec
1069 1502 1114 1562 iao
1122 1519 1144 1561 ιι

108 1598 220 1649 rectum
237 1596 350 1647 estnec
368 1588 442 1666 lac;}
460 1587 613 1667 uec(lact)
627 1590 657 1647 in
671 1597 681 1646 t
696 1588 789 1648 littera
803 1587 922 1667 aliquod
933 1603 1045 1648 nomen
1058 1587 1116 1647 liui-

107 1680 170 1741 tur;
186 1689 260 1750 ergo
277 1671 353 1751 quod
369 1680 520 1751 superest,
537 1672 656 1731 dicimus
673 1671 759 1733 lacte.

176 1755 236 1816 Cor
256 1773 290 1816 an
308 1757 387 1835 cors]
413 1754 511 1815 Omnia
530 1774 603 1834 quac
619 1754 797 1816 cousuetudo
814 1756 919 1815 uitiosa
933 1754 1026 1831 lecit,
1047 1752 1116 1814 anti·

111 1842 207 1920 quitus
223 1839 392 1901 emendavit.
423 1837 483 1899 Gor
498 1840 676 1899 assuevimus
694 1839 808 1909 dicere;
831 1846 963 1899 annecte
980 1837 1117 1914 dicamus,

112 1942 150 1984 ex
168 1925 320 2003 conposito
341 1923 536 2000 intellegimus
560 1932 588 1982 ιι
609 1923 653 1982 his
676 1939 751 2002 quac
772 1924 874 1984 mutari
888 1940 948 1984 non
964 1929 1146 2003 poteruntaa

109 2006 230 2067 dicimus
252 2009 326 2067 enim
352 2024 457 2067 excors
478 2015 507 2067 et
526 2024 652 2084 vecors,
674 2026 732 2068 non
756 2024 847 2067 encor
870 2015 900 2067 et
921 2023 1032 2076 vecor;
1051 2014 1081 2067 ιι
1095 2004 1119 2065 si

110 2099 191 2150 esset
206 2108 267 2168 cor,
284 2093 362 2151 coris
375 2092 497 2151 laceret.
513 2090 598 2151 Nunc
610 2110 672 2151 cum
687 2108 738 2151 cor
751 2091 848 2152 cordis
862 2091 967 2170 iaciat,
984 2091 1118 2151 existimo

109 2176 151 2236 ita
167 2191 258 2255 posse
273 2173 339 2235 dici.

173 2258 269 2318 llusus
298 2277 334 2318 an
362 2260 473 2338 rursus]
505 2261 531 2319 si
551 2277 650 2319 rursus
675 2261 777 2318 iterum
794 2259 955 2337 significat,
978 2256 1117 2319 debemus

109 2359 210 2401 rursus
225 2343 269 2401 si'c
285 2345 415 2404 scribere
430 2353 573 2422 tamquam
587 2344 689 2403 iterum
704 2361 758 2422 per
774 2362 788 2402 r
810 2344 948 2412 litteram;
970 2357 1032 2401 non
1048 2340 1146 2403 dici-at

109 2442 172 2485 mos
193 2427 268 2484 enim
289 2429 390 2505 iteum,
415 2437 444 2488 et
464 2428 584 2487 dicimus
608 2436 751 2506 tamquam
773 2444 908 2506 quorsum
930 2435 960 2487 et
973 2440 1116 2502 scorsum,

111 2524 170 2569 non
184 2526 306 2587 quosum
323 2521 352 2571 ιι
366 2530 493 2572 seosum.

175 2591 311 2652 Tribunal
336 2613 371 2655 an
396 2595 540 2654 tribunale
563 2603 591 2654 et
617 2595 720 2655 animal
741 2613 776 2655 an
799 2593 937 2673 animale]
965 2592 1114 2654 Prooellut

111 2683 166 2735 art:
185 2676 288 2754 quael
302 2677 407 2738 littera
418 2678 567 2757 finiantur
584 2678 616 2738 io
630 2678 852 2755 declinatione,
873 2677 1035 2759 germinant
1045 2694 1116 2739 caa-

111 2756 180 2819 dcm
191 2758 335 2837 litteram,
352 2767 508 2841 tamquam
518 2762 577 2823 mel
588 2762 684 2822 meliis
695 2761 889 2843 abscissum,
906 2760 1049 2841 facitito
1063 2758 1147 2824 tvi-tl

113 2841 209 2904 bucol
223 2842 402 2907 tribunallis
417 2852 444 2906 ct
461 2845 579 2907 animal
594 2846 761 2908 oaimallis.
793 2846 852 2907 Sed
865 2847 982 2922 erravit,
995 2846 1120 2924 primum

115 2928 182 3007 quia
195 2928 392 3003 monosyllaba
407 2933 436 2990 in
452 2930 588 3008 exemplo
609 2933 720 3010 posuit,
741 2930 845 2992 deinde
860 2931 1020 3011 quaquiaro
1035 2928 1047 2990 l
1061 2945 1120 2991 non

114 3013 242 3089 geminat
256 3028 310 3071 nec
321 3014 394 3091 vigil
410 3032 464 3074 nec
479 3014 569 3093 pugil.
621 3010 668 3075 Ita
685 3015 803 3075 dicimus
818 3015 875 3075 boc
889 3013 1036 3075 tribunale
1050 3022 1119 3075 tam·

117 3096 379 3174 quamagilelacile
395 3098 502 3174 docile,
520 3099 607 3176 agilia
620 3098 717 3159 facilia
733 3098 839 3159 docilia
854 3097 1016 3159 tribunalia.
1036 3098 1121 3175 Quae

115 3178 145 3238 ia
160 3181 189 3240 in
203 3180 306 3259 plurali
325 3199 443 3242 numero
459 3183 601 3260 liniuntur,
618 3200 652 3242 ea
667 3200 731 3242 cunr
746 3182 782 3243 ad
798 3182 976 3260 singularem
989 3184 1149 3261 vcuiuuttt

114 3278 132 3319 e
144 3260 240 3325 littera
255 3266 445 3325 terminantur.

178 3345 312 3410 Cervical
332 3366 367 3409 an
387 3347 546 3428 cervicale]
569 3368 624 3409 nec
648 3351 775 3410 cericei
799 3367 855 3411 noc
873 3350 1022 3411 cervicale
1036 3358 1120 3411 recte

114 3428 231 3499 dicitur;
251 3441 297 3486 ost
316 3435 387 3492 quim
402 3433 551 3500 artronum
569 3441 594 3484 s
614 3451 683 3488 vnn..
726 3434 740 3479 d
782 3451 808 3482 so
834 3434 910 3502 auod
926 3444 1057 3496 accessrt
1071 3450 1120 3496 aa·
