2334 3870
105 172 125 232 6
186 181 217 233 ο,
235 177 386 227 araucas
408 174 536 234 ranno.
551 168 600 221 nn
615 172 698 223 arra
715 172 906 223 causuuorr
923 176 1002 225 mn.
1026 179 1053 227 1.

107 358 181 419 qnos
196 337 335 417 placitum
351 341 444 409 esset,
468 331 635 392 dictaturam
657 328 783 391 Crassus
804 330 986 413 invaderat,
1011 336 1121 415 ipseab
1162 376 1164 395 .

107 441 143 484 eo
160 423 300 500 magister
318 421 442 499 equitum
459 417 620 492 diceretur,
637 415 849 495 constitutaque
865 416 906 478 ad
924 417 1121 495 arbitriumrc
1162 460 1164 467 ·

106 507 242 588 publica,
264 505 361 565 Sullae
380 512 408 562 et
425 501 568 562 Autronio
587 500 753 560 consulatus
773 501 1001 564 restitueretur.
1033 504 1120 567 lieni

105 601 209 653 nerunt
224 591 308 650 huius
322 586 529 649 coniurationis
543 585 683 647 Tanusius
695 583 831 645 Geminus
843 586 874 645 in
887 584 1044 665 historia,
1059 590 1116 651 llar-

107 696 158 739 cus
174 675 294 736 bibulus
309 675 336 733 in
352 672 472 746 edictis,
490 669 523 730 G.
537 667 625 731 (lario
638 678 720 748 pater
737 671 766 729 in
782 670 986 735 orationibus.
1021 674 1125 735 Debes

106 763 273 840 significare
294 758 407 817 videtur
429 764 457 815 et
475 754 597 833 Cicero,
624 756 653 814 in
674 753 795 832 quadam
814 753 849 815 ad
865 754 985 818 Axium
1006 758 1110 839 epistda
1155 798 1160 814 .

106 847 256 919 reserens,
271 841 428 904 Caesarem
444 842 472 900 io
485 839 635 901 consulatu
649 840 836 901 confirmasse
851 858 1009 921 regnum,
1022 844 1061 905 de
1074 860 1115 923 qm
1154 892 1157 929 :

104 927 207 991 aedilis
230 929 384 1005 cogitarat.
416 925 557 985 Tanusius
581 924 684 1001 adicit,
708 921 844 985 Crassum
866 930 1062 1004 paenitentia
1083 926 1119 987 rel
1157 944 1163 956 ·

104 1022 182 1075 metu
199 1012 277 1072 diem
294 1011 376 1072 caedi
390 1011 560 1070 destinatum
575 1026 633 1070 non
650 1008 775 1086 obisse,
785 1018 815 1069 et
829 1008 948 1072 idcirco
968 1032 1012 1073 nc
1026 1014 1120 1077 Caesa·

107 1117 168 1159 rem
184 1097 299 1176 quidem
320 1098 448 1173 signam,
468 1093 546 1172 qnod
563 1093 600 1154 ab
621 1111 658 1155 eo
679 1093 740 1153 dari
762 1104 965 1175 convenerat,
992 1097 1139 1165 dedissem
1153 1102 1166 1165 '.

108 1183 283 1245 convenisse
306 1188 400 1239 autem
422 1179 508 1238 curio
537 1178 592 1255 ait,
619 1187 648 1237 ut
670 1188 769 1256 togam
790 1176 825 1238 de
849 1196 957 1241 umero
986 1182 1120 1245 deiceret

107 1268 188 1328 ldem
207 1265 293 1327 Curio
310 1264 363 1324 sed
380 1274 410 1323 et
429 1263 468 1324 bl.
485 1263 623 1323 Actorius
638 1262 718 1324 Naso
735 1271 871 1324 auctores
893 1274 989 1345 sunt,
1015 1266 1121 1347 compi

107 1370 190 1413 rasse
207 1370 271 1410 eum
289 1351 374 1410 etiarn
391 1367 454 1408 cum
471 1347 570 1409 Gnaeo
583 1347 689 1409 Pisone
711 1347 920 1425 adulescente,
945 1354 1000 1413 cui
1025 1352 1065 1415 ob
1084 1370 1121 1413 sn·
1153 1352 1156 1383 ³

109 1438 272 1516 apicionem
298 1434 426 1495 urbanae
459 1434 665 1494 coniurationis
690 1433 841 1512 provincia
865 1432 1021 1513 Hispania
1056 1436 1121 1499 ultra
1153 1480 1157 1485 -

109 1531 192 1582 extra
207 1520 337 1581 ordinem
359 1518 424 1579 data
442 1520 491 1587 sit;
512 1527 703 1598 pactumque,
730 1526 760 1577 ut
777 1516 860 1578 simul
875 1516 953 1579 loris
975 1520 1050 1601 ille,
1068 1524 1141 1603 ipseo

108 1608 220 1667 Romae
232 1606 267 1667 ad
280 1625 329 1665 res
340 1621 432 1664 novas
446 1612 673 1681 consurgerent,
687 1620 740 1681 per
751 1601 919 1663 Ambrauos
932 1614 967 1681 et
980 1604 1121 1687 Transpr-
1152 1672 1156 1681 ,

111 1692 220 1759 ‹lanos;
237 1691 402 1750 destitutum
417 1689 567 1765 utriusque
583 1688 733 1749 consilium
748 1696 841 1748 morte
858 1685 993 1752 Pisonis.

67 1784 100 1833 lo
173 1774 287 1833 Aedilis
309 1782 427 1852 praeter
456 1772 600 1833 comitium
628 1790 663 1833 ac
687 1772 782 1832 loram
810 1771 1023 1855 basilicasque
1047 1778 1122 1838 etian
1154 1786 1157 1791 '

109 1858 284 1936 Capitolium
300 1859 415 1917 ornavit
431 1856 591 1936 porticibus
606 1856 642 1916 ad
657 1864 771 1935 tempus
790 1858 952 1937 extructis,
972 1862 1007 1921 in
1025 1860 1122 1943 quibus

108 1940 270 2003 abundante
293 1960 389 2001 rerum
408 1943 493 2020 copia
513 1957 582 2019 pars
602 1950 760 2020 apparatus
782 1952 1001 2020 exponeretur.
1035 1948 1158 2023 Vanam

107 2030 202 2088 tiones
229 2035 323 2086 arrtona
344 2026 488 2106 ludosque
513 2034 627 2086 etcum
650 2025 769 2104 collega
791 2034 820 2086 et
840 2030 1009 2105 separatim
1033 2030 1123 2103 edidit

108 2128 167 2191 quo
189 2111 295 2173 lartum
318 2120 379 2187 est,
409 2120 439 2171 nt
462 2112 653 2171 communium
682 2129 799 2190 quoque
825 2111 1024 2190 inpensarum
1052 2116 1124 2177 solus

108 2198 231 2275 gratiam
249 2206 384 2277 caperet,
405 2214 462 2256 nec
479 2194 675 2257 dissimularet
691 2196 808 2274 collega
821 2197 883 2255 eius
899 2194 1031 2261 Marcus
1047 2200 1123 2263 Bibu-

107 2280 171 2351 lus.
195 2285 334 2345 ercariaco
353 2282 416 2344 sibi
433 2280 516 2362 quod
527 2278 665 2343 Polluci:
682 2288 716 2341 at
730 2281 809 2342 enim
818 2280 950 2361 penninis
962 2282 1124 2361 fratribus
1159 2314 1162 2319 ·

109 2370 205 2431 orales
227 2370 258 2429 in
278 2370 350 2447 ferro
368 2367 534 2429 constituto
557 2372 674 2427 tunnam
692 2364 836 2426 Castoris
864 2376 1063 2449 vocaretur,
1087 2370 1145 2431 ilos

108 2472 197 2513 arram
212 2452 424 2531 sacrarioque
438 2451 674 2529 araraarificenticm
689 2450 782 2508 anias
799 2447 955 2511 Caesonia
969 2452 1054 2517 dici.
1075 2454 1126 2517 Ad·
1160 2488 1164 2499 ·

108 2536 176 2593 iecit
192 2539 313 2613 insuper
326 2534 435 2595 Caesar
454 2538 541 2594 oliam
552 2533 755 2612 gladiatorium
770 2551 889 2611 munus,
905 2534 962 2597 sed
973 2536 1126 2621 aliquanto

108 2618 296 2693 paucioribus
321 2635 406 2696 quam
423 2617 620 2678 destinaverat
642 2616 774 2696 paribus;
799 2636 864 2679 nam
887 2638 954 2681 cum
970 2623 1128 2705 multiplici

106 2700 233 2779 undique
264 2702 373 2761 familia
407 2710 576 2781 comparata
603 2702 734 2761 inimicos
763 2704 975 2783 exterruisset,
1016 2717 1128 2772 cautam

107 2793 150 2842 ost
174 2784 210 2843 dc
233 2804 353 2845 ricimero
366 2785 576 2863 gladiatorum,
590 2803 648 2865 quo
660 2803 697 2845 ne
709 2788 849 2847 maiorem
863 2789 1001 2867 cuiquam
1015 2792 1150 2855 habena

106 2868 216 2929 Romae
231 2868 343 2929 liderel.

67 2982 95 3035 ll
175 2952 338 3013 Conciliato
358 2955 460 3035 pupuli
483 2956 585 3016 lavore
607 2957 758 3034 temptavit
781 2975 835 3036 per
856 2966 971 3038 partem
993 2962 1129 3025 tribuno

112 3060 189 3109 rrum,
207 3046 235 3097 at
252 3038 306 3097 sibi
319 3038 474 3120 Aegyptus
492 3040 642 3120 provincia
659 3040 741 3120 plebi
757 3043 831 3105 scito
848 3043 983 3121 daretur,
1001 3058 1130 3111 nanctus

110 3124 328 3185 ‹extraordinvi'
352 3126 465 3184 innecii
482 3129 685 3203 occasionem,
709 3127 788 3208 quod
806 3127 1000 3190 Alexandrini
1021 3151 1129 3213 regem

109 3229 191 3270 aarum
206 3228 315 3271 sacaria.
331 3239 388 3276 «ιη,-
444 3210 556 3258 »wicum
574 3230 589 3262 a
606 3221 708 3273 senatu
731 3214 910 3294 appellatum
931 3214 1153 3295 expulsurus

109 3314 220 3373 resque
236 3295 325 3373 vulgo
341 3296 397 3375 inp·
420 3327 435 3340 -ι
601 3296 652 3349 les
675 3298 793 3359 uldinnit
807 3297 983 3359 adversante
999 3304 1129 3381 optima·

109 3382 176 3439 tiam
200 3381 344 3459 lactiono,
367 3399 424 3460 qu·
620 3416 645 3425 --
690 3420 696 3428 -
735 3412 754 3441 a
776 3381 880 3459 quibus
903 3392 1009 3462 posset
1027 3388 1131 3451 modia

108 3464 250 3524 invicem
274 3466 404 3527 {minue
431 3491 447 3512 ·=
650 3498 677 3509 ι*
719 3464 822 3512 ’ΝΗ
869 3465 1003 3529 'daville
1025 3469 1130 3555 deque
