2334 3870
107 208 148 271 84
201 218 232 268 c.
248 217 398 266 suenoni
413 208 542 275 amano.
556 213 605 260 nu
620 211 704 260 mus
720 210 909 261 cassanum
925 214 999 265 nra.
1016 217 1057 268 11.

751 365 780 427 εἰ
791 364 826 429 dl
836 388 865 429 tt

274 457 336 536 ἔχοι
350 457 447 528 καλῶς
461 444 495 514 td
506 452 663 551 mebvspv,
678 444 788 527 κρότον
801 446 865 512 δότε

274 540 326 602 καὶ
339 537 448 614 πάντες
462 530 541 618 ἡμᾶς
554 559 627 616 μετα
642 538 733 615 χαρᾶς
748 534 945 618 sewinum·

109 629 247 690 Omnibus
268 627 372 688 deiude
388 626 530 703 dimissis,
553 623 620 684 dum
635 620 825 683 advenientes
838 620 874 683 ab
887 621 959 683 urbe
971 623 1010 684 de
1025 623 1122 686 Drusi

108 715 167 775 filia
181 732 271 791 aegra
285 714 458 789 interrogat,
475 718 597 791 repente
611 709 641 767 in
655 707 766 767 osculis
779 707 876 768 birine
889 715 919 767 et
929 707 1025 770 iubae
1036 728 1115 771 uoce
1129 727 1142 764 r

108 799 232 860 defecit:
250 793 353 872 Licin,
366 795 467 858 nostri
477 793 725 874 eonicpt'memor
735 791 824 870 nioe,
840 809 881 854 ue
893 791 981 854 nutet
998 794 1119 854 sortitus

108 884 216 945 exitum
231 882 348 942 facilem
367 890 396 941 et
412 880 526 960 qualem
547 897 665 959 semper
680 884 847 957 optaverat.
879 874 955 938 Nam
968 876 1035 939 fere
1051 897 1121 960 quo·

107 969 183 1029 tiens
211 966 339 1027 audisset
364 967 422 1026 cito
451 985 486 1026 ac
508 965 588 1025 nullo
608 964 736 1023 cruciatu
758 961 926 1023 defunctum
946 965 1119 1043 quempiam,

108 1051 164 1113 sibi
185 1062 215 1111 et
236 1054 296 1113 suis
312 1040 522 1112 εὐθανασίαν
540 1048 661 1108 similem
679 1047 752 1128 (boe
767 1049 845 1107 enim
861 1055 893 1108 et
907 1048 998 1111 uerbo
1015 1049 1055 1108 uti
1069 1065 1116 1108 so-

107 1137 202 1214 lebat)
226 1136 407 1216 precabatur.
444 1135 538 1195 Uuum
562 1134 678 1192 omnino
698 1140 764 1193 ante
785 1131 917 1193 efflatam
937 1134 1059 1194 animam
1080 1133 1150 1192 si·1o

107 1239 194 1299 gnum
224 1221 366 1280 alienatae
392 1219 496 1278 mentis
522 1215 663 1295 ostendit,
690 1216 768 1296 qnod
790 1215 888 1277 subito
908 1218 1085 1298 pavefactus
1106 1235 1122 1277 a

107 1304 296 1383 quadraginta
312 1323 344 1363 se
360 1302 512 1363 iuvenibus
527 1301 622 1382 abripi
638 1311 758 1381 questus
774 1310 829 1362 est.
848 1300 884 1362 Id
897 1320 1018 1383 quoque
1029 1304 1121 1381 magis

106 1391 290 1470 praesagium
307 1407 391 1469 quam
406 1389 510 1448 mentis
525 1386 681 1449 deminutio
696 1387 764 1464 fuit,
780 1385 923 1465 siquidem
939 1387 1064 1450 totidem
1074 1389 1121 1447 mi-

66 1485 118 1540 loo
128 1473 195 1534 lites
212 1476 390 1554 praetoriani
406 1474 571 1535 extulerunt
585 1490 649 1532 eum
665 1473 695 1531 in
710 1470 869 1550 publicum.
900 1471 982 1533 Obiit
996 1474 1026 1533 in
1045 1471 1121 1534 eubi-

109 1559 175 1620 culo
190 1560 311 1637 eodem,
330 1578 387 1640 quo
404 1568 487 1638 pater
504 1557 657 1635 Octavius,
675 1554 789 1616 duobus
804 1556 916 1634 Sextis,
931 1555 1080 1638 Pompeio
1096 1568 1123 1618 et
1131 1571 1150 1611 tt

107 1643 267 1724 Appuleio,
286 1662 367 1706 cons.
388 1643 480 1704 XIIII.
493 1643 557 1704 IInl.
572 1641 721 1725 Septemb.
737 1639 812 1701 hora
828 1640 887 1703 diet
900 1658 991 1722 nona,
1006 1651 1120 1724 septun-

107 1730 223 1806 gesimo
240 1739 269 1788 et
284 1738 368 1789 sexto
385 1729 488 1788 aetatis
504 1745 594 1802 nuno,
611 1725 714 1785 diebus
728 1726 766 1784 V.
781 1732 811 1785 et
825 1724 920 1787 XXX.
938 1728 1046 1789 minus.

171 1810 285 1890 Corpus
314 1812 489 1872 decuriones
509 1811 730 1889 municipiorum
750 1818 780 1870 et
801 1810 984 1872 coloniarum
1007 1831 1027 1874 a
1047 1810 1121 1874 Nola

105 1895 234 1957 Bovillas
257 1914 349 1973 usque
371 1895 576 1973 deportarunt,
602 1894 737 1955 noctibus
759 1904 885 1975 propter
906 1898 974 1957 anni
996 1906 1120 1978 tempus,

107 1998 171 2039 cum
186 1978 310 2038 interdiu
323 1981 352 2039 in
367 1978 488 2039 basilica
505 1981 644 2059 cuiusque
663 1978 764 2058 oppidi
779 1979 828 2040 vel
843 1981 874 2041 in
891 1980 1009 2043 aedium
1024 1991 1150 2045 sacrati

105 2081 168 2123 rum
184 2064 307 2124 maxima
323 2073 526 2144 reponeretur.
555 2062 719 2125 ABovillis
735 2074 874 2143 equester
890 2065 964 2128 ordo
979 2066 1121 2146 suscepit,

106 2147 228 2228 urbique
249 2148 343 2210 intulit
357 2159 443 2228 atque
459 2151 489 2209 in
505 2147 652 2210 vestibulo
668 2148 769 2211 domus
786 2149 965 2212 conlocarit.
995 2150 1122 2214 Serum

107 2243 136 2294 et
153 2235 182 2292 in
196 2232 298 2294 funere
315 2232 444 2294 ornando
463 2243 492 2295 et
508 2236 536 2294 in
551 2236 690 2295 memoria
704 2234 874 2295 honoranda
889 2252 926 2297 eo
943 2235 1044 2299 studio
1061 2256 1122 2299 cer·

106 2321 187 2379 tatim
207 2336 385 2398 progressus
406 2328 467 2398 est,
489 2330 519 2380 ut
538 2321 612 2380 inter
634 2319 689 2378 alia
706 2319 857 2398 complura
873 2322 1046 2382 censuerint
1062 2323 1122 2403 qui·

107 2404 187 2481 dam,
203 2404 288 2463 funus
305 2405 468 2485 triumphali
486 2413 569 2482 porta
584 2402 759 2480 ducendum,
776 2403 977 2482 praecedente
987 2406 1153 2469 Victorinus

108 2506 182 2567 quae
198 2497 243 2546 est
260 2490 395 2566 incuria,
414 2489 583 2548 canentibus
597 2489 710 2546 neniam
723 2488 885 2566 principum
898 2489 1003 2551 liberis
1015 2492 1121 2553 utrius·

108 2589 164 2647 que
183 2590 286 2640 sexus;
304 2572 367 2648 alii,
383 2573 568 2650 exequiarum
584 2571 630 2630 die
647 2573 801 2649 ponendos
817 2573 921 2636 anulos
937 2592 1050 2637 aureos
1064 2576 1122 2637 fer·

106 2671 235 2730 reosque
257 2655 427 2724 sumendos3
455 2655 601 2730 nonnulli,
623 2671 691 2714 ossa
715 2655 842 2734 legenda
868 2676 923 2738 per
945 2660 1123 2723 sacerdotes

107 2754 281 2797 summorum
298 2738 501 2816 collegiorum.
530 2738 597 2798 Fuit
613 2749 643 2799 et
659 2741 707 2818 qui
724 2741 871 2820 suaderet,
887 2743 1123 2823 appellationem

107 2822 214 2880 mensis
232 2820 357 2899 Augusti
371 2825 401 2883 in
414 2822 616 2902 Septembrem
634 2824 881 2904 transferendam,
897 2828 977 2907 quod
992 2828 1055 2891 boo
1069 2847 1154 2910 gest

107 2906 182 2965 nitus
200 2904 365 2985 Augustus,
388 2906 440 2968 illo
462 2905 615 2968 defunctus
632 2917 727 2977 esset;
753 2910 842 2989 alius,
858 2920 890 2971 ut
904 2929 990 2973 omne
1004 2922 1123 2995 tempus

108 3010 125 3052 a
146 2991 241 3069 primo
257 2989 303 3050 die
320 2992 407 3053 natali
422 2991 458 3053 ad
474 2993 581 3052 exitum
596 2993 658 3052 eins
674 2994 822 3056 saeculum
836 2994 1002 3075 Augustum
1017 2998 1122 3081 appel·

108 3076 217 3136 Iaretur
234 3078 317 3135 etita
333 3078 362 3135 in
376 3078 469 3138 fastos
484 3077 652 3138 referretur.
686 3079 796 3139 Verum
811 3081 941 3143 adhibito
957 3083 1123 3146 bonoribus

108 3158 214 3237 modo,
233 3159 365 3221 bifariam
380 3161 511 3223 laudatus
529 3171 588 3222 est:
605 3179 659 3241 pro
677 3161 751 3224 aede
766 3162 832 3225 Diri
847 3164 901 3226 Iuli
921 3185 937 3226 a
953 3166 1078 3230 Tiberio
1093 3174 1124 3229 et

109 3262 163 3323 pro
178 3247 281 3306 rostris
299 3245 447 3307 veteribus
462 3244 587 3307 aDruso
602 3245 701 3308 Tiberi
716 3248 787 3325 filio,
804 3268 839 3309 ao
857 3261 1027 3313 senatorum
1042 3270 1121 3314 ume-
1131 3266 1155 3309 st

108 3330 149 3387 ris
172 3327 284 3391 delatus
306 3331 334 3390 in
350 3328 487 3411 Campum
510 3341 721 3411 orematnsqne.
749 3331 815 3393 Nec
833 3332 924 3394 defuit
939 3337 985 3397 vir
1001 3348 1122 3417 praeto·

108 3413 177 3490 rius,
191 3418 238 3493 qui
256 3434 288 3476 se
305 3415 432 3494 effigiem
448 3416 566 3476 cremati
582 3425 696 3477 euntem
711 3418 740 3476 in
751 3416 863 3478 caelum
877 3418 989 3481 vidisse
1001 3423 1122 3485 iuraret.

109 3495 261 3576 Reliquias
288 3500 423 3580 legerunt
443 3501 591 3580 ,primores
617 3503 762 3581 equestris
790 3500 914 3582 ordinis,
942 3506 1066 3569 tunicati
1093 3515 1124 3568 et
