2286 3862
242 215 521 277 nnanaomonum
541 214 724 264 nmaouuu
744 214 945 277 animumn.
1032 199 1094 265 289

93 377 236 431 oratoribus
248 382 273 426 et
286 374 318 426 dc
337 372 430 441 poetis.
457 371 490 422 Et
507 371 547 423 de
562 366 758 425 Olatoribus
774 371 877 435 quidem
889 370 1057 436 Hieronymus
1069 371 1096 424 lu

13 494 15 499 ,
95 448 233 508 chronico,
245 445 342 495 adiecta
354 444 459 508 insuper
475 440 529 492 suis
540 439 774 492 ratiocinationibus
786 453 910 492 annorum
922 440 953 490 ab
964 440 1026 492 urbe
1035 453 1097 491 con·

10 514 15 545 ·'
95 506 303 576 dissolutione,
317 511 477 562 conservavit
488 509 597 560 frustula
612 508 688 560 haec:

156 601 194 662 M.
217 599 327 661 Tullius
349 596 454 657 cicero
474 596 578 677 Arpini
603 598 731 656 nascitur
751 604 843 655 matre
862 597 984 674 Helvia,
1014 605 1097 679 patra

69 686 239 765 sequestris
255 683 364 744 ordinis
381 700 418 741 ex
431 682 516 759 regio
535 681 711 743 Volscorurn
723 698 852 759 genere;
876 680 929 741 Cn.
940 681 1097 760 Pompeius

93 771 217 846 Magnus
237 769 328 828 oritur
346 784 376 826 o.
394 774 454 828 343
470 809 477 824 .
495 810 502 823 .
519 809 526 824 .
543 766 693 827 vicesimo
715 773 799 825 sexto
816 767 920 827 aetatis
936 783 1008 825 suae
1022 780 1098 825 auno

95 854 201 914 Cicero
217 852 361 927 Quintium
376 848 506 910 defendit
521 867 550 910 a.
570 857 672 911 673..
691 892 698 906 .
714 849 825 909 Roscio
844 859 944 910 eontra
968 848 1098 924 Chryso·

10 998 21 1005 ,
94 954 203 1015 genum
225 936 346 997 defenso
369 933 475 995 Cicero
490 933 622 994 Athenas
644 933 771 1010 secedit,
794 932 988 1013 deindepost
1010 935 1098 993 trien·

10 1020 21 1039 '
94 1023 170 1080 nium
184 1020 305 1080 Romam
325 1018 490 1096 regreditur
511 1026 664 1078 17374..
683 1061 690 1075 .
708 1016 815 1077 Cicero
836 1018 866 1077 in
887 1018 977 1079 exilio
996 1034 1099 1078 anuum

57 1104 164 1164 10'lacit
178 1103 340 1162 honorilice
359 1110 513 1180 susceptus
529 1120 545 1162 a
560 1100 680 1162 Plancio
697 1118 727 1161 o.
746 1109 844 1163 693-
852 1109 909 1163 697
927 1147 975 1163 ...
993 1100 1099 1162 Cicero

93 1191 123 1246 in
145 1187 299 1247 Formiano
323 1204 375 1246 suo
400 1185 435 1246 ab
454 1185 603 1246 Herennio
627 1194 655 1245 et
683 1184 799 1265 Popilio
831 1185 975 1247 occiditur
995 1184 1099 1247 LXIV.

96 1271 197 1329 aetatis
213 1289 283 1330 suae
302 1287 392 1339 anno;
417 1269 569 1330 Ciceronis
592 1279 679 1348 caput
700 1288 764 1330 eum
790 1288 874 1331 manu
898 1272 1020 1332 dextera
1043 1286 1099 1350 pro

96 1353 200 1412 rostris
216 1353 355 1431 positum,
371 1353 509 1430 iuxtaque
524 1362 663 1413 coronata
678 1356 775 1429 imago
787 1354 895 1432 Popilii
911 1355 1027 1430 militis,
1051 1354 1099 1433 qui

98 1454 161 1496 euro
177 1436 326 1495 occiderat
342 1452 372 1494 α.
392 1443 446 1494 711
462 1479 469 1492 .
484 1479 491 1494 .
507 1479 514 1492 .
531 1435 569 1494 Μ.
587 1435 698 1495 Tullius
710 1436 779 1494 Tiro
796 1434 948 1496 Ciceronis
966 1437 1100 1513 libertus,

59 1538 86 1583 15
98 1523 146 1600 qui
162 1521 270 1599 primus
285 1527 369 1578 notas
389 1526 596 1578 commentatus
612 1526 672 1593 cst,
686 1520 715 1576 in
730 1517 890 1579 Puteolano
909 1519 1030 1598 praedio
1047 1534 1101 1578 suo

95 1605 239 1683 usquead
256 1604 442 1664 centesimum
459 1621 561 1662 anuum
580 1602 766 1662 consenescit
781 1619 810 1662 a.
828 1611 895 1663 743.
912 1611 979 1665 750.

158 1707 196 1766 Μ.
215 1703 353 1786 callidius
370 1713 468 1764 orator
484 1704 579 1764 clarus
594 1701 732 1773 habetem
750 1703 797 1781 qui
810 1702 889 1764 bello
904 1713 1008 1781 postea
1022 1704 1100 1766 civili

96 1789 285 1862 Caesarianas
307 1798 405 1867 partes
421 1797 554 1866 secutus,
580 1806 643 1848 cum
664 1786 805 1866 Togatam
828 1788 950 1849 Galliam
971 1795 1101 1868 regeret,

95 1874 262 1934 Placentiae
280 1873 351 1933 obiit
371 1890 400 1933 a.
425 1880 482 1934 697
497 1919 504 1934 .
521 1918 528 1932 .
547 1919 553 1932 .
572 1872 774 1951 Apollodorus
795 1871 992 1952 Pergamenus
1012 1872 1099 1934 Grae-

56 1975 149 2017 socus
166 1966 279 2031 orator,
309 1967 486 2036 praeceptor
508 1956 622 2018 Callidii
644 1966 674 2018 et
696 1957 837 2037 Augusti,
864 1958 960 2019 clarus
979 1957 1101 2020 habetur

97 2059 128 2102 a.
147 2047 211 2102 000.
232 2047 296 2100 091.
1096 2048 1098 2053 “

159 2139 301 2201 Munatius
324 2139 463 2218 Plancus,
488 2140 639 2202 Ciceronis
665 2142 842 2222 discipulus,
859 2152 959 2205 orator
978 2141 1100 2205 habetor

95 2225 235 2302 insignis;
256 2227 302 2303 qui
321 2243 383 2285 cum
400 2224 519 2287 Galliam
534 2237 655 2303 regeret
671 2226 833 2305 Comatam,
848 2228 1015 2306 Lugdunum
1032 2245 1099 2289 con·

97 2309 168 2369 didit
183 2325 213 2368 a.
228 2316 292 2369 729.
309 2317 375 2369 730.

57 2414 88 2456 aa
163 2390 250 2452 Curio
277 2402 427 2472 promptus
455 2403 483 2454 et
505 2394 655 2472 popularis
678 2397 901 2458 oratorliomae
922 2396 1099 2458 haheturin·

98 2476 205 2553 signis,
224 2478 271 2554 qui
292 2477 432 2556 deinceps
454 2480 482 2537 in
497 2477 599 2539 Africa
616 2481 728 2560 pudore
743 2481 840 2541 amissi
865 2483 1012 2542 exereitus
1027 2481 1100 2542 mori

96 2559 195 2620 maluit
207 2579 290 2639 quam
306 2561 403 2622 redire
421 2579 450 2622 a.
469 2570 533 2622 701.
556 2571 623 2624 702.

161 2644 259 2705 Furnii
289 2655 371 2724 pater
398 2656 427 2707 et
452 2647 527 2708 lilius
549 2648 619 2708 clari
641 2658 775 2710 oratores
796 2649 954 2728 habentur,
978 2667 1100 2729 quorum

96 2728 172 2790 lilius
189 2730 349 2791 consularis
367 2741 434 2792 ante
450 2741 561 2812 patrem
576 2735 696 2795 moritur
712 2752 742 2795 a.
762 2742 826 2795 717.
844 2741 913 2794 718.

55 2841 86 2884 30
159 2810 322 2893 Atratinus,
341 2819 388 2894 qui
405 2817 613 2896 septemdecim
629 2837 721 2880 annos
737 2828 820 2879 natus
836 2817 966 2879 Caelium
981 2836 1099 2881 accusa·

96 2904 196 2973 verat,
221 2897 316 2958 clarus
339 2900 415 2960 iuter
440 2910 573 2962 oratores
589 2902 725 2973 hebetum
752 2902 788 2964 ad
811 2913 970 2964 extremum
983 2902 1099 2964 morbo·

95 2999 158 3040 rum
173 2980 270 3041 taedio
287 2983 315 3040 in
330 2981 436 3044 balneo
451 2984 601 3046 voluntate
624 2989 802 3048 exanimatus
823 2986 962 3049 heredem
981 2988 1100 3068 reliquit

95 3063 258 3142 Augustum
273 3082 302 3125 a.
322 3074 386 3127 733.
418 3076 485 3129 734.
554 3108 556 3113 »

158 3147 274 3210 Asinius
300 3150 394 3212 Pollio
420 3162 520 3213 orator
547 3163 575 3214 ct
604 3155 781 3234 consularis,
810 3158 858 3238 qui
892 3156 929 3218 de
959 3155 1099 3218 Dalmatis

56 3263 85 3304 35
95 3233 332 3312 triumphaverat,
339 3237 367 3295 in
381 3236 703 3302 villa'l'usculauaanuo
718 3243 900 3319 octogesimo
913 3241 1015 3303 aetatis
1028 3258 1099 3303 snas

94 3319 213 3379 moritur
228 3337 258 3380 a.
278 3328 343 3381 757.
361 3329 430 3383 753.
921 3358 925 3364 ·

157 3403 284 3465 Messala
308 3403 452 3467 Corvinus
469 3417 569 3469 orator
590 3408 719 3470 nascitur
737 3418 765 3470 et
781 3409 815 3471 Τ.
830 3409 929 3470 Livius
943 3410 1098 3472 Patavinus

92 3488 220 3568 scriptor
235 3489 391 3552 historicus
413 3509 443 3554 u.
458 3499 640 3557 oto—697.
657 3538 664 3554 .
681 3538 689 3555 .
706 3539 712 3554 .
729 3493 857 3557 Messala
874 3491 1017 3556 Corvinus
1039 3495 1098 3576 pri-

145 3592 297 3635 sunromus.
905 3579 944 3641 19
1117 3595 1121 3599 '
