<?xml version="1.0" encoding="UTF-8"?>
<!DOCTYPE html PUBLIC "-//W3C//DTD XHTML 1.0 Transitional//EN"
    "http://www.w3.org/TR/xhtml1/DTD/xhtml1-transitional.dtd">
<html xmlns="http://www.w3.org/1999/xhtml" xml:lang="en" lang="en">
 <head>
  <title>
</title>
<meta http-equiv="Content-Type" content="text/html;charset=utf-8" />
  <meta name='ocr-system' content='tesseract 3.04.00' />
  <meta name='ocr-capabilities' content='ocr_page ocr_carea ocr_par ocr_line ocrx_word'/>
</head>
<body>
  <div class='ocr_page' id='page_1' title='image "./csuetonitranqui00trangoog_0237.png"; bbox 0 0 2286 3862; ppageno 0'>
   <div class='ocr_carea' id='block_1_1' title="bbox 266 206 1143 272">
    <p class='ocr_par' dir='ltr' id='par_1_1' title="bbox 266 206 1143 272">
     <span class='ocr_line' id='line_1_1' title="bbox 266 206 1143 272; baseline -0.031 0"><span class='ocrx_word' id='word_1_1' title='bbox 266 209 325 272; x_wconf 78' lang='lat'><strong>126</strong></span> <span class='ocrx_word' id='word_1_2' title='bbox 354 220 384 266; x_wconf 91' lang='lat' dir='ltr'><strong>c.</strong></span> <span class='ocrx_word' id='word_1_3' title='bbox 400 214 551 265; x_wconf 75' lang='lat' dir='ltr'><strong>sunrour</strong></span> <span class='ocrx_word' id='word_1_4' title='bbox 567 210 696 269; x_wconf 73' lang='lat' dir='ltr'><strong>uarro.</strong></span> <span class='ocrx_word' id='word_1_5' title='bbox 711 209 760 256; x_wconf 81' lang='lat' dir='ltr'><strong>ns</strong></span> <span class='ocrx_word' id='word_1_6' title='bbox 775 208 856 255; x_wconf 78' lang='lat' dir='ltr'><strong>uum</strong></span> <span class='ocrx_word' id='word_1_7' title='bbox 873 206 1062 255; x_wconf 77' lang='lat' dir='ltr'><strong>cussanuu</strong></span> <span class='ocrx_word' id='word_1_8' title='bbox 1131 214 1143 245; x_wconf 63' lang='grc' dir='ltr'><strong>ι4</strong></span> 
     </span>
    </p>
   </div>
   <div class='ocr_carea' id='block_1_2' title="bbox 263 360 1143 616">
    <p class='ocr_par' dir='ltr' id='par_1_2' title="bbox 263 360 1143 616">
     <span class='ocr_line' id='line_1_2' title="bbox 263 360 1135 441; baseline -0.028 -2"><span class='ocrx_word' id='word_1_9' title='bbox 263 380 303 441; x_wconf 88' lang='lat' dir='ltr'><strong>Ut</strong></span> <span class='ocrx_word' id='word_1_10' title='bbox 322 376 417 436; x_wconf 83' lang='lat' dir='ltr'><strong>leuior</strong></span> <span class='ocrx_word' id='word_1_11' title='bbox 437 369 521 430; x_wconf 89' lang='lat' dir='ltr'><strong>labor</strong></span> <span class='ocrx_word' id='word_1_12' title='bbox 538 364 728 425; x_wconf 86' lang='lat' dir='ltr'><strong>iudicantibus</strong></span> <span class='ocrx_word' id='word_1_13' title='bbox 744 364 835 438; x_wconf 84' lang='lat' dir='ltr'><strong>foret,</strong></span> <span class='ocrx_word' id='word_1_14' title='bbox 856 360 892 421; x_wconf 84' lang='lat' dir='ltr'><strong>ad</strong></span> <span class='ocrx_word' id='word_1_15' title='bbox 911 368 1048 440; x_wconf 85' lang='lat' dir='ltr'><strong>quattuor</strong></span> <span class='ocrx_word' id='word_1_16' title='bbox 1067 362 1135 440; x_wconf 72' lang='lat' dir='ltr'><strong>pri·</strong></span> 
     </span>
     <span class='ocr_line' id='line_1_3' title="bbox 265 446 1137 526; baseline -0.025 -4"><span class='ocrx_word' id='word_1_17' title='bbox 265 472 321 523; x_wconf 92' lang='lat' dir='ltr'><strong>tam</strong></span> <span class='ocrx_word' id='word_1_18' title='bbox 336 457 481 519; x_wconf 88' lang='lat' dir='ltr'><strong>decuriam</strong></span> <span class='ocrx_word' id='word_1_19' title='bbox 498 451 613 512; x_wconf 82' lang='lat' dir='ltr'><strong>addidit.</strong></span> <span class='ocrx_word' id='word_1_20' title='bbox 649 448 816 526; x_wconf 80' lang='lat' dir='ltr'><strong>Temptavit·</strong></span> <span class='ocrx_word' id='word_1_21' title='bbox 835 455 864 505; x_wconf 89' lang='lat' dir='ltr'><strong>et</strong></span> <span class='ocrx_word' id='word_1_22' title='bbox 881 446 1068 505; x_wconf 86' lang='lat' dir='ltr'><strong>comitiorum</strong></span> <span class='ocrx_word' id='word_1_23' title='bbox 1090 462 1137 505; x_wconf 77' lang='lat' dir='ltr'><strong>m·</strong></span> 
     </span>
     <span class='ocr_line' id='line_1_4' title="bbox 266 530 1143 616; baseline -0.018 -11"><span class='ocrx_word' id='word_1_24' title='bbox 266 555 331 606; x_wconf 92' lang='lat' dir='ltr'><strong>cato</strong></span> <span class='ocrx_word' id='word_1_25' title='bbox 343 541 480 616; x_wconf 83' lang='lat' dir='ltr'><strong>sullragia</strong></span> <span class='ocrx_word' id='word_1_26' title='bbox 497 534 608 615; x_wconf 91' lang='lat' dir='ltr'><strong>pupulo</strong></span> <span class='ocrx_word' id='word_1_27' title='bbox 629 533 763 592; x_wconf 82' lang='lat' dir='ltr'><strong>reddere.</strong></span> <span class='ocrx_word' id='word_1_28' title='bbox 791 530 901 607; x_wconf 78' lang='lat' dir='ltr'><strong>Legata</strong></span> <span class='ocrx_word' id='word_1_29' title='bbox 918 548 956 589; x_wconf 89' lang='lat' dir='ltr'><strong>ex</strong></span> <span class='ocrx_word' id='word_1_30' title='bbox 976 538 1143 590; x_wconf 75' lang='lat' dir='ltr'><strong>testamen</strong></span> 
     </span>
    </p>
   </div>
   <div class='ocr_carea' id='block_1_3' title="bbox 225 613 1143 3567">
    <p class='ocr_par' dir='ltr' id='par_1_3' title="bbox 264 613 1143 1881">
     <span class='ocr_line' id='line_1_5' title="bbox 265 613 1125 709; baseline -0.017 -21"><span class='ocrx_word' id='word_1_31' title='bbox 265 643 432 709; x_wconf 91' lang='lat' dir='ltr'><strong>quamquam</strong></span> <span class='ocrx_word' id='word_1_32' title='bbox 453 621 580 695; x_wconf 91' lang='lat' dir='ltr'><strong>abolito,</strong></span> <span class='ocrx_word' id='word_1_33' title='bbox 606 618 658 677; x_wconf 91' lang='lat' dir='ltr'><strong>sed</strong></span> <span class='ocrx_word' id='word_1_34' title='bbox 678 626 708 676; x_wconf 91' lang='lat' dir='ltr'><strong>et</strong></span> <span class='ocrx_word' id='word_1_35' title='bbox 726 615 816 675; x_wconf 90' lang='lat' dir='ltr'><strong>Iuliae</strong></span> <span class='ocrx_word' id='word_1_36' title='bbox 835 614 1004 691; x_wconf 82' lang='lat' dir='ltr'><strong>Augustae,</strong></span> <span class='ocrx_word' id='word_1_37' title='bbox 1032 613 1125 692; x_wconf 92' lang='lat' dir='ltr'><strong>qnod</strong></span> 
     </span>
     <span class='ocr_line' id='line_1_6' title="bbox 264 699 1137 793; baseline -0.017 -20"><span class='ocrx_word' id='word_1_38' title='bbox 264 716 482 793; x_wconf 79' lang='lat' dir='ltr'><strong>suppresserat,</strong></span> <span class='ocrx_word' id='word_1_39' title='bbox 509 721 573 763; x_wconf 90' lang='lat' dir='ltr'><strong>eum</strong></span> <span class='ocrx_word' id='word_1_40' title='bbox 594 702 651 761; x_wconf 88' lang='lat' dir='ltr'><strong>lide</strong></span> <span class='ocrx_word' id='word_1_41' title='bbox 672 719 707 761; x_wconf 87' lang='lat' dir='ltr'><strong>ac</strong></span> <span class='ocrx_word' id='word_1_42' title='bbox 726 702 790 759; x_wconf 89' lang='lat' dir='ltr'><strong>sine</strong></span> <span class='ocrx_word' id='word_1_43' title='bbox 803 699 942 759; x_wconf 91' lang='lat' dir='ltr'><strong>calumnia</strong></span> <span class='ocrx_word' id='word_1_44' title='bbox 961 715 1137 776; x_wconf 88' lang='lat' dir='ltr'><strong>repraesen</strong></span> 
     </span>
     <span class='ocr_line' id='line_1_7' title="bbox 265 783 1143 859; baseline -0.021 -1"><span class='ocrx_word' id='word_1_45' title='bbox 265 797 361 859; x_wconf 88' lang='lat' dir='ltr'><strong>solvit.</strong></span> <span class='ocrx_word' id='word_1_46' title='bbox 398 790 630 850; x_wconf 88' lang='lat' dir='ltr'><strong>Ducentesimam</strong></span> <span class='ocrx_word' id='word_1_47' title='bbox 652 787 816 846; x_wconf 89' lang='lat' dir='ltr'><strong>auctionum</strong></span> <span class='ocrx_word' id='word_1_48' title='bbox 837 783 938 843; x_wconf 89' lang='lat' dir='ltr'><strong>ltaliae</strong></span> <span class='ocrx_word' id='word_1_49' title='bbox 955 783 1089 853; x_wconf 88' lang='lat' dir='ltr'><strong>remisit;</strong></span> <span class='ocrx_word' id='word_1_50' title='bbox 1129 812 1143 835; x_wconf 68' lang='grc' dir='ltr'><strong>ιι</strong></span> 
     </span>
     <span class='ocr_line' id='line_1_8' title="bbox 265 866 1122 950; baseline -0.013 -10"><span class='ocrx_word' id='word_1_51' title='bbox 265 879 432 943; x_wconf 87' lang='lat' dir='ltr'><strong>cendiorum</strong></span> <span class='ocrx_word' id='word_1_52' title='bbox 461 874 561 934; x_wconf 91' lang='lat' dir='ltr'><strong>damna</strong></span> <span class='ocrx_word' id='word_1_53' title='bbox 591 871 752 950; x_wconf 88' lang='lat' dir='ltr'><strong>supplevit;</strong></span> <span class='ocrx_word' id='word_1_54' title='bbox 775 887 810 929; x_wconf 92' lang='lat' dir='ltr'><strong>ac</strong></span> <span class='ocrx_word' id='word_1_55' title='bbox 837 868 862 927; x_wconf 88' lang='lat' dir='ltr'><strong>si</strong></span> <span class='ocrx_word' id='word_1_56' title='bbox 888 866 992 947; x_wconf 92' lang='lat' dir='ltr'><strong>quibus</strong></span> <span class='ocrx_word' id='word_1_57' title='bbox 1016 884 1122 945; x_wconf 82' lang='lat' dir='ltr'><strong>regna</strong></span> 
     </span>
     <span class='ocr_line' id='line_1_9' title="bbox 265 951 1140 1030; baseline -0.015 -5"><span class='ocrx_word' id='word_1_58' title='bbox 265 964 370 1027; x_wconf 89' lang='lat' dir='ltr'><strong>adiecit</strong></span> <span class='ocrx_word' id='word_1_59' title='bbox 392 969 423 1022; x_wconf 88' lang='lat' dir='ltr'><strong>et</strong></span> <span class='ocrx_word' id='word_1_60' title='bbox 450 960 572 1019; x_wconf 81' lang='lat' dir='ltr'><strong>fructum</strong></span> <span class='ocrx_word' id='word_1_61' title='bbox 596 974 708 1016; x_wconf 91' lang='lat' dir='ltr'><strong>omnem</strong></span> <span class='ocrx_word' id='word_1_62' title='bbox 736 952 959 1030; x_wconf 80' lang='lat' dir='ltr'><strong>uectigaliorum</strong></span> <span class='ocrx_word' id='word_1_63' title='bbox 979 960 1011 1011; x_wconf 86' lang='lat' dir='ltr'><strong>et</strong></span> <span class='ocrx_word' id='word_1_64' title='bbox 1039 951 1140 1014; x_wconf 80' lang='lat' dir='ltr'><strong>redi·</strong></span> 
     </span>
     <span class='ocr_line' id='line_1_10' title="bbox 264 1037 1135 1129; baseline -0.025 -18"><span class='ocrx_word' id='word_1_65' title='bbox 264 1049 421 1129; x_wconf 89' lang='lat' dir='ltr'><strong>temporis,</strong></span> <span class='ocrx_word' id='word_1_66' title='bbox 446 1053 475 1104; x_wconf 94' lang='lat' dir='ltr'><strong>ut</strong></span> <span class='ocrx_word' id='word_1_67' title='bbox 496 1041 643 1102; x_wconf 78' lang='lat' dir='ltr'><strong>Antiocho</strong></span> <span class='ocrx_word' id='word_1_68' title='bbox 666 1038 863 1115; x_wconf 81' lang='lat' dir='ltr'><strong>Commageno</strong></span> <span class='ocrx_word' id='word_1_69' title='bbox 891 1037 1060 1097; x_wconf 86' lang='lat' dir='ltr'><strong>sestertium</strong></span> <span class='ocrx_word' id='word_1_70' title='bbox 1100 1039 1135 1090; x_wconf 71' lang='lat' dir='ltr'><strong>u·</strong></span> 
     </span>
     <span class='ocr_line' id='line_1_11' title="bbox 266 1121 1143 1205; baseline -0.015 -10"><span class='ocrx_word' id='word_1_71' title='bbox 266 1138 405 1195; x_wconf 80' lang='lat' dir='ltr'><strong>fuscatum.</strong></span> <span class='ocrx_word' id='word_1_72' title='bbox 441 1130 565 1205; x_wconf 84' lang='lat' dir='ltr'><strong>Quoque</strong></span> <span class='ocrx_word' id='word_1_73' title='bbox 581 1126 674 1201; x_wconf 90' lang='lat' dir='ltr'><strong>magis</strong></span> <span class='ocrx_word' id='word_1_74' title='bbox 688 1123 793 1183; x_wconf 93' lang='lat' dir='ltr'><strong>nullius</strong></span> <span class='ocrx_word' id='word_1_75' title='bbox 809 1139 868 1181; x_wconf 90' lang='lat' dir='ltr'><strong>non</strong></span> <span class='ocrx_word' id='word_1_76' title='bbox 888 1122 957 1182; x_wconf 90' lang='lat' dir='ltr'><strong>boni</strong></span> <span class='ocrx_word' id='word_1_77' title='bbox 975 1121 1114 1201; x_wconf 88' lang='lat' dir='ltr'><strong>exempli</strong></span> <span class='ocrx_word' id='word_1_78' title='bbox 1141 1140 1143 1143; x_wconf 83' lang='lat'>·</span> 
     </span>
     <span class='ocr_line' id='line_1_12' title="bbox 266 1206 1135 1290; baseline -0.013 -11"><span class='ocrx_word' id='word_1_79' title='bbox 266 1220 399 1290; x_wconf 88' lang='lat' dir='ltr'><strong>deretur,</strong></span> <span class='ocrx_word' id='word_1_80' title='bbox 422 1212 534 1271; x_wconf 84' lang='lat' dir='ltr'><strong>mulieri</strong></span> <span class='ocrx_word' id='word_1_81' title='bbox 558 1210 710 1269; x_wconf 83' lang='lat' dir='ltr'><strong>libertinae</strong></span> <span class='ocrx_word' id='word_1_82' title='bbox 732 1210 883 1284; x_wconf 85' lang='lat' dir='ltr'><strong>octoginta</strong></span> <span class='ocrx_word' id='word_1_83' title='bbox 904 1206 1039 1283; x_wconf 83' lang='lat' dir='ltr'><strong>donavit,</strong></span> <span class='ocrx_word' id='word_1_84' title='bbox 1068 1224 1135 1287; x_wconf 93' lang='lat' dir='ltr'><strong>qno</strong></span> 
     </span>
     <span class='ocr_line' id='line_1_13' title="bbox 266 1293 1135 1376; baseline -0.012 -13"><span class='ocrx_word' id='word_1_85' title='bbox 266 1304 340 1363; x_wconf 86' lang='lat' dir='ltr'><strong>elata</strong></span> <span class='ocrx_word' id='word_1_86' title='bbox 368 1297 547 1376; x_wconf 89' lang='lat' dir='ltr'><strong>gravissimis</strong></span> <span class='ocrx_word' id='word_1_87' title='bbox 576 1295 727 1354; x_wconf 90' lang='lat' dir='ltr'><strong>tormentis</strong></span> <span class='ocrx_word' id='word_1_88' title='bbox 747 1293 783 1352; x_wconf 93' lang='lat' dir='ltr'><strong>de</strong></span> <span class='ocrx_word' id='word_1_89' title='bbox 814 1293 930 1353; x_wconf 90' lang='lat' dir='ltr'><strong>scelere</strong></span> <span class='ocrx_word' id='word_1_90' title='bbox 954 1293 1074 1370; x_wconf 92' lang='lat' dir='ltr'><strong>patroni</strong></span> <span class='ocrx_word' id='word_1_91' title='bbox 1097 1310 1135 1353; x_wconf 91' lang='lat' dir='ltr'><strong>re</strong></span> 
     </span>
     <span class='ocr_line' id='line_1_14' title="bbox 266 1377 1136 1465; baseline -0.01 -18"><span class='ocrx_word' id='word_1_92' title='bbox 266 1391 345 1465; x_wconf 82' lang='lat' dir='ltr'><strong>Quas</strong></span> <span class='ocrx_word' id='word_1_93' title='bbox 369 1384 407 1444; x_wconf 92' lang='lat' dir='ltr'><strong>ob</strong></span> <span class='ocrx_word' id='word_1_94' title='bbox 423 1402 471 1444; x_wconf 92' lang='lat' dir='ltr'><strong>res</strong></span> <span class='ocrx_word' id='word_1_95' title='bbox 493 1384 567 1442; x_wconf 91' lang='lat' dir='ltr'><strong>inter</strong></span> <span class='ocrx_word' id='word_1_96' title='bbox 588 1380 720 1458; x_wconf 91' lang='lat' dir='ltr'><strong>reliquos</strong></span> <span class='ocrx_word' id='word_1_97' title='bbox 738 1378 865 1439; x_wconf 93' lang='lat' dir='ltr'><strong>bonores</strong></span> <span class='ocrx_word' id='word_1_98' title='bbox 882 1377 1018 1437; x_wconf 90' lang='lat' dir='ltr'><strong>decretus</strong></span> <span class='ocrx_word' id='word_1_99' title='bbox 1040 1384 1093 1437; x_wconf 89' lang='lat' dir='ltr'><strong>est</strong></span> <span class='ocrx_word' id='word_1_100' title='bbox 1115 1396 1136 1438; x_wconf 91' lang='lat' dir='ltr'><strong>e</strong></span> 
     </span>
     <span class='ocr_line' id='line_1_15' title="bbox 266 1462 1137 1551; baseline -0.014 -18"><span class='ocrx_word' id='word_1_101' title='bbox 266 1490 384 1546; x_wconf 89' lang='lat' dir='ltr'><strong>aureus,</strong></span> <span class='ocrx_word' id='word_1_102' title='bbox 407 1487 491 1551; x_wconf 92' lang='lat' dir='ltr'><strong>quem</strong></span> <span class='ocrx_word' id='word_1_103' title='bbox 510 1475 580 1546; x_wconf 93' lang='lat' dir='ltr'><strong>quot</strong></span> <span class='ocrx_word' id='word_1_104' title='bbox 602 1467 683 1526; x_wconf 88' lang='lat' dir='ltr'><strong>annis</strong></span> <span class='ocrx_word' id='word_1_105' title='bbox 715 1473 796 1524; x_wconf 89' lang='lat' dir='ltr'><strong>certo</strong></span> <span class='ocrx_word' id='word_1_106' title='bbox 823 1464 869 1523; x_wconf 92' lang='lat' dir='ltr'><strong>die</strong></span> <span class='ocrx_word' id='word_1_107' title='bbox 890 1462 1018 1539; x_wconf 89' lang='lat' dir='ltr'><strong>collegia</strong></span> <span class='ocrx_word' id='word_1_108' title='bbox 1039 1480 1137 1523; x_wconf 87' lang='lat' dir='ltr'><strong>sacer</strong></span> 
     </span>
     <span class='ocr_line' id='line_1_16' title="bbox 267 1545 1143 1636; baseline -0.013 -18"><span class='ocrx_word' id='word_1_109' title='bbox 267 1557 440 1636; x_wconf 82' lang='lat' dir='ltr'><strong>Capitolium</strong></span> <span class='ocrx_word' id='word_1_110' title='bbox 459 1556 583 1630; x_wconf 82' lang='lat' dir='ltr'><strong>ferrent,</strong></span> <span class='ocrx_word' id='word_1_111' title='bbox 610 1562 710 1612; x_wconf 85' lang='lat' dir='ltr'><strong>senatu</strong></span> <span class='ocrx_word' id='word_1_112' title='bbox 732 1557 946 1630; x_wconf 89' lang='lat' dir='ltr'><strong>prosequente,</strong></span> <span class='ocrx_word' id='word_1_113' title='bbox 976 1545 1143 1607; x_wconf 93' lang='lat' dir='ltr'><strong>nobilibus</strong></span> 
     </span>
     <span class='ocr_line' id='line_1_17' title="bbox 267 1633 1143 1719; baseline -0.011 -16"><span class='ocrx_word' id='word_1_114' title='bbox 267 1646 306 1703; x_wconf 92' lang='lat' dir='ltr'><strong>ris</strong></span> <span class='ocrx_word' id='word_1_115' title='bbox 322 1660 357 1703; x_wconf 90' lang='lat' dir='ltr'><strong>ao</strong></span> <span class='ocrx_word' id='word_1_116' title='bbox 374 1640 478 1719; x_wconf 82' lang='lat' dir='ltr'><strong>puellis</strong></span> <span class='ocrx_word' id='word_1_117' title='bbox 495 1640 620 1698; x_wconf 85' lang='lat' dir='ltr'><strong>carmine</strong></span> <span class='ocrx_word' id='word_1_118' title='bbox 639 1636 784 1697; x_wconf 90' lang='lat' dir='ltr'><strong>modulato</strong></span> <span class='ocrx_word' id='word_1_119' title='bbox 807 1633 908 1694; x_wconf 91' lang='lat' dir='ltr'><strong>laudes</strong></span> <span class='ocrx_word' id='word_1_120' title='bbox 925 1634 1060 1692; x_wconf 85' lang='lat' dir='ltr'><strong>virtutum</strong></span> <span class='ocrx_word' id='word_1_121' title='bbox 1084 1634 1143 1693; x_wconf 90' lang='lat' dir='ltr'><strong>eiu</strong></span> 
     </span>
     <span class='ocr_line' id='line_1_18' title="bbox 266 1718 1139 1798; baseline -0.01 -11"><span class='ocrx_word' id='word_1_122' title='bbox 266 1728 351 1787; x_wconf 90' lang='lat' dir='ltr'><strong>tibus.</strong></span> <span class='ocrx_word' id='word_1_123' title='bbox 373 1725 529 1783; x_wconf 84' lang='lat' dir='ltr'><strong>Decretum</strong></span> <span class='ocrx_word' id='word_1_124' title='bbox 551 1731 643 1781; x_wconf 88' lang='lat' dir='ltr'><strong>autern</strong></span> <span class='ocrx_word' id='word_1_125' title='bbox 660 1730 690 1779; x_wconf 92' lang='lat' dir='ltr'><strong>ut</strong></span> <span class='ocrx_word' id='word_1_126' title='bbox 705 1720 782 1795; x_wconf 88' lang='lat' dir='ltr'><strong>dies,</strong></span> <span class='ocrx_word' id='word_1_127' title='bbox 804 1737 861 1798; x_wconf 92' lang='lat' dir='ltr'><strong>qno</strong></span> <span class='ocrx_word' id='word_1_128' title='bbox 876 1720 1005 1797; x_wconf 82' lang='lat' dir='ltr'><strong>cepisset</strong></span> <span class='ocrx_word' id='word_1_129' title='bbox 1026 1718 1139 1796; x_wconf 91' lang='lat' dir='ltr'><strong>imperi</strong></span> 
     </span>
     <span class='ocr_line' id='line_1_19' title="bbox 267 1801 1140 1881; baseline -0.008 -10"><span class='ocrx_word' id='word_1_130' title='bbox 267 1812 330 1871; x_wconf 90' lang='lat' dir='ltr'><strong>rilia</strong></span> <span class='ocrx_word' id='word_1_131' title='bbox 357 1816 525 1881; x_wconf 90' lang='lat' dir='ltr'><strong>vocaretur,</strong></span> <span class='ocrx_word' id='word_1_132' title='bbox 561 1804 638 1863; x_wconf 91' lang='lat' dir='ltr'><strong>velut</strong></span> <span class='ocrx_word' id='word_1_133' title='bbox 668 1813 864 1880; x_wconf 89' lang='lat' dir='ltr'><strong>argumentum</strong></span> <span class='ocrx_word' id='word_1_134' title='bbox 888 1821 987 1862; x_wconf 92' lang='lat' dir='ltr'><strong>rursus</strong></span> <span class='ocrx_word' id='word_1_135' title='bbox 1018 1801 1140 1864; x_wconf 89' lang='lat' dir='ltr'><strong>condita</strong></span> 
     </span>
    </p>

    <p class='ocr_par' dir='ltr' id='par_1_4' title="bbox 226 1885 1143 2974">
     <span class='ocr_line' id='line_1_20' title="bbox 226 1885 1110 1966; baseline -0.005 -15"><span class='ocrx_word' id='word_1_136' title='bbox 226 1902 257 1956; x_wconf 84' lang='lat'><strong>17</strong></span> <span class='ocrx_word' id='word_1_137' title='bbox 331 1890 504 1951; x_wconf 85' lang='lat' dir='ltr'><strong>Consulatus</strong></span> <span class='ocrx_word' id='word_1_138' title='bbox 520 1896 654 1966; x_wconf 92' lang='lat' dir='ltr'><strong>quattuor</strong></span> <span class='ocrx_word' id='word_1_139' title='bbox 667 1888 776 1964; x_wconf 85' lang='lat' dir='ltr'><strong>gessit,</strong></span> <span class='ocrx_word' id='word_1_140' title='bbox 797 1888 916 1965; x_wconf 87' lang='lat' dir='ltr'><strong>primum</strong></span> <span class='ocrx_word' id='word_1_141' title='bbox 931 1906 968 1947; x_wconf 86' lang='lat' dir='ltr'><strong>ex</strong></span> <span class='ocrx_word' id='word_1_142' title='bbox 982 1885 1029 1946; x_wconf 83' lang='lat' dir='ltr'><strong>tss.</strong></span> <span class='ocrx_word' id='word_1_143' title='bbox 1052 1885 1110 1947; x_wconf 92' lang='lat' dir='ltr'><strong>lul.</strong></span> 
     </span>
     <span class='ocr_line' id='line_1_21' title="bbox 266 1969 1118 2050; baseline -0.005 -14"><span class='ocrx_word' id='word_1_144' title='bbox 266 1993 398 2048; x_wconf 90' lang='lat' dir='ltr'><strong>menses,</strong></span> <span class='ocrx_word' id='word_1_145' title='bbox 422 1972 579 2031; x_wconf 89' lang='lat' dir='ltr'><strong>secundum</strong></span> <span class='ocrx_word' id='word_1_146' title='bbox 599 1990 636 2031; x_wconf 85' lang='lat' dir='ltr'><strong>ex</strong></span> <span class='ocrx_word' id='word_1_147' title='bbox 658 1970 704 2031; x_wconf 84' lang='lat' dir='ltr'><strong>lll.</strong></span> <span class='ocrx_word' id='word_1_148' title='bbox 720 1969 780 2030; x_wconf 88' lang='lat' dir='ltr'><strong>lan.</strong></span> <span class='ocrx_word' id='word_1_149' title='bbox 806 1989 860 2050; x_wconf 92' lang='lat' dir='ltr'><strong>per</strong></span> <span class='ocrx_word' id='word_1_150' title='bbox 883 1991 952 2032; x_wconf 80' lang='lat' dir='ltr'>xxx.</span> <span class='ocrx_word' id='word_1_151' title='bbox 972 1971 1052 2048; x_wconf 86' lang='lat' dir='ltr'><strong>dies,</strong></span> <span class='ocrx_word' id='word_1_152' title='bbox 1086 1979 1118 2032; x_wconf 88' lang='lat' dir='ltr'><strong>te</strong></span> 
     </span>
     <span class='ocr_line' id='line_1_22' title="bbox 267 2055 1139 2139; baseline -0.001 -21"><span class='ocrx_word' id='word_1_153' title='bbox 267 2078 323 2139; x_wconf 90' lang='lat' dir='ltr'><strong>que</strong></span> <span class='ocrx_word' id='word_1_154' title='bbox 339 2060 367 2116; x_wconf 92' lang='lat' dir='ltr'><strong>in</strong></span> <span class='ocrx_word' id='word_1_155' title='bbox 385 2056 452 2116; x_wconf 91' lang='lat' dir='ltr'><strong>Idus</strong></span> <span class='ocrx_word' id='word_1_156' title='bbox 467 2056 537 2134; x_wconf 78' lang='lat' dir='ltr'><strong>lan,</strong></span> <span class='ocrx_word' id='word_1_157' title='bbox 555 2065 683 2134; x_wconf 92' lang='lat' dir='ltr'><strong>quartum</strong></span> <span class='ocrx_word' id='word_1_158' title='bbox 699 2073 790 2134; x_wconf 90' lang='lat' dir='ltr'><strong>usque</strong></span> <span class='ocrx_word' id='word_1_159' title='bbox 811 2058 962 2134; x_wconf 89' lang='lat' dir='ltr'><strong>septimum</strong></span> <span class='ocrx_word' id='word_1_160' title='bbox 979 2055 1047 2115; x_wconf 92' lang='lat' dir='ltr'><strong>ldus</strong></span> <span class='ocrx_word' id='word_1_161' title='bbox 1061 2055 1139 2117; x_wconf 87' lang='lat' dir='ltr'><strong>easd</strong></span> 
     </span>
     <span class='ocr_line' id='line_1_23' title="bbox 267 2140 1138 2203; baseline -0.009 0"><span class='ocrx_word' id='word_1_162' title='bbox 267 2142 398 2203; x_wconf 90' lang='lat' dir='ltr'><strong>omnibus</strong></span> <span class='ocrx_word' id='word_1_163' title='bbox 424 2141 496 2201; x_wconf 93' lang='lat' dir='ltr'><strong>duos</strong></span> <span class='ocrx_word' id='word_1_164' title='bbox 523 2142 698 2202; x_wconf 87' lang='lat' dir='ltr'><strong>novissimos</strong></span> <span class='ocrx_word' id='word_1_165' title='bbox 717 2142 874 2199; x_wconf 87' lang='lat' dir='ltr'><strong>coniunxit.</strong></span> <span class='ocrx_word' id='word_1_166' title='bbox 907 2140 1034 2200; x_wconf 85' lang='lat' dir='ltr'><strong>l&#39;ertium</strong></span> <span class='ocrx_word' id='word_1_167' title='bbox 1054 2149 1138 2200; x_wconf 91' lang='lat' dir='ltr'><strong>aute</strong></span> 
     </span>
     <span class='ocr_line' id='line_1_24' title="bbox 267 2224 1139 2304; baseline -0.003 -16"><span class='ocrx_word' id='word_1_168' title='bbox 267 2229 333 2288; x_wconf 91' lang='lat' dir='ltr'><strong>duni</strong></span> <span class='ocrx_word' id='word_1_169' title='bbox 354 2229 414 2287; x_wconf 83' lang='lat' dir='ltr'><strong>im‘it</strong></span> <span class='ocrx_word' id='word_1_170' title='bbox 432 2225 531 2303; x_wconf 89' lang='lat' dir='ltr'><strong>solus,</strong></span> <span class='ocrx_word' id='word_1_171' title='bbox 553 2244 611 2285; x_wconf 90' lang='lat' dir='ltr'><strong>non</strong></span> <span class='ocrx_word' id='word_1_172' title='bbox 633 2234 663 2284; x_wconf 93' lang='lat' dir='ltr'><strong>ut</strong></span> <span class='ocrx_word' id='word_1_173' title='bbox 681 2224 794 2304; x_wconf 90' lang='lat' dir='ltr'><strong>quidam</strong></span> <span class='ocrx_word' id='word_1_174' title='bbox 821 2226 975 2302; x_wconf 90' lang='lat' dir='ltr'><strong>opinantur</strong></span> <span class='ocrx_word' id='word_1_175' title='bbox 1004 2224 1128 2304; x_wconf 87' lang='lat' dir='ltr'><strong>superbi</strong></span> <span class='ocrx_word' id='word_1_176' title='bbox 1136 2252 1139 2276; x_wconf 66' lang='lat' dir='ltr'><strong>r</strong></span> 
     </span>
     <span class='ocr_line' id='line_1_25' title="bbox 266 2307 1143 2392; baseline -0.003 -19"><span class='ocrx_word' id='word_1_177' title='bbox 266 2316 418 2392; x_wconf 89' lang='lat' dir='ltr'><strong>gentiave,</strong></span> <span class='ocrx_word' id='word_1_178' title='bbox 441 2311 493 2370; x_wconf 90' lang='lat' dir='ltr'><strong>sed</strong></span> <span class='ocrx_word' id='word_1_179' title='bbox 516 2310 594 2388; x_wconf 92' lang='lat' dir='ltr'><strong>quod</strong></span> <span class='ocrx_word' id='word_1_180' title='bbox 612 2310 775 2369; x_wconf 85' lang='lat' dir='ltr'><strong>defunctum</strong></span> <span class='ocrx_word' id='word_1_181' title='bbox 797 2309 849 2368; x_wconf 94' lang='lat' dir='ltr'><strong>sub</strong></span> <span class='ocrx_word' id='word_1_182' title='bbox 866 2307 1059 2368; x_wconf 83' lang='lat' dir='ltr'><strong>Kalendarum</strong></span> <span class='ocrx_word' id='word_1_183' title='bbox 1082 2308 1143 2370; x_wconf 88' lang='lat' dir='ltr'><strong>die</strong></span> 
     </span>
     <span class='ocr_line' id='line_1_26' title="bbox 266 2391 1141 2474; baseline -0.005 -17"><span class='ocrx_word' id='word_1_184' title='bbox 266 2416 332 2474; x_wconf 84' lang='lat' dir='ltr'><strong>gam</strong></span> <span class='ocrx_word' id='word_1_185' title='bbox 354 2398 480 2456; x_wconf 87' lang='lat' dir='ltr'><strong>rescisse</strong></span> <span class='ocrx_word' id='word_1_186' title='bbox 503 2395 609 2454; x_wconf 88' lang='lat' dir='ltr'><strong>absens</strong></span> <span class='ocrx_word' id='word_1_187' title='bbox 629 2412 687 2453; x_wconf 88' lang='lat' dir='ltr'><strong>non</strong></span> <span class='ocrx_word' id='word_1_188' title='bbox 709 2401 851 2472; x_wconf 86' lang='lat' dir='ltr'><strong>potuerat.</strong></span> <span class='ocrx_word' id='word_1_189' title='bbox 889 2391 1075 2470; x_wconf 86' lang='lat' dir='ltr'><strong>Congiarium</strong></span> <span class='ocrx_word' id='word_1_190' title='bbox 1099 2411 1141 2472; x_wconf 93' lang='lat' dir='ltr'><strong>po</strong></span> 
     </span>
     <span class='ocr_line' id='line_1_27' title="bbox 267 2476 1134 2555; baseline -0.002 -16"><span class='ocrx_word' id='word_1_191' title='bbox 267 2481 345 2540; x_wconf 91' lang='lat' dir='ltr'><strong>dedit</strong></span> <span class='ocrx_word' id='word_1_192' title='bbox 363 2490 499 2539; x_wconf 87' lang='lat' dir='ltr'><strong>trecenos</strong></span> <span class='ocrx_word' id='word_1_193' title='bbox 530 2481 698 2555; x_wconf 81' lang='lat' dir='ltr'><strong>sestertios,</strong></span> <span class='ocrx_word' id='word_1_194' title='bbox 732 2478 837 2536; x_wconf 90' lang='lat' dir='ltr'><strong>totiens</strong></span> <span class='ocrx_word' id='word_1_195' title='bbox 858 2476 1134 2538; x_wconf 91' lang='lat' dir='ltr'><strong>abundantissimum</strong></span> 
     </span>
     <span class='ocr_line' id='line_1_28' title="bbox 267 2560 1139 2640; baseline 0.001 -19"><span class='ocrx_word' id='word_1_196' title='bbox 267 2566 378 2621; x_wconf 87' lang='lat' dir='ltr'><strong>senatui</strong></span> <span class='ocrx_word' id='word_1_197' title='bbox 399 2564 584 2640; x_wconf 88' lang='lat' dir='ltr'><strong>equestrique</strong></span> <span class='ocrx_word' id='word_1_198' title='bbox 607 2562 710 2637; x_wconf 90' lang='lat' dir='ltr'><strong>ordini,</strong></span> <span class='ocrx_word' id='word_1_199' title='bbox 728 2563 812 2621; x_wconf 92' lang='lat' dir='ltr'><strong>etiam</strong></span> <span class='ocrx_word' id='word_1_200' title='bbox 835 2560 1006 2639; x_wconf 91' lang='lat' dir='ltr'><strong>coniugibus</strong></span> <span class='ocrx_word' id='word_1_201' title='bbox 1021 2579 1057 2621; x_wconf 87' lang='lat' dir='ltr'><strong>ac</strong></span> <span class='ocrx_word' id='word_1_202' title='bbox 1074 2561 1139 2623; x_wconf 91' lang='lat' dir='ltr'><strong>libo</strong></span> 
     </span>
     <span class='ocr_line' id='line_1_29' title="bbox 266 2645 1142 2724; baseline 0.003 -20"><span class='ocrx_word' id='word_1_203' title='bbox 266 2663 401 2722; x_wconf 89' lang='lat' dir='ltr'><strong>rumque;</strong></span> <span class='ocrx_word' id='word_1_204' title='bbox 424 2647 589 2723; x_wconf 90' lang='lat' dir='ltr'><strong>posteriore</strong></span> <span class='ocrx_word' id='word_1_205' title='bbox 605 2645 693 2723; x_wconf 92' lang='lat' dir='ltr'><strong>epulo</strong></span> <span class='ocrx_word' id='word_1_206' title='bbox 715 2645 843 2705; x_wconf 85' lang='lat' dir='ltr'><strong>forensia</strong></span> <span class='ocrx_word' id='word_1_207' title='bbox 861 2647 980 2724; x_wconf 90' lang='lat' dir='ltr'><strong>insuper</strong></span> <span class='ocrx_word' id='word_1_208' title='bbox 997 2647 1084 2723; x_wconf 82' lang='lat' dir='ltr'><strong>viris,</strong></span> <span class='ocrx_word' id='word_1_209' title='bbox 1109 2646 1142 2707; x_wconf 83' lang='lat' dir='ltr'><strong>fe</strong></span> 
     </span>
     <span class='ocr_line' id='line_1_30' title="bbox 267 2728 1123 2807; baseline 0.002 -20"><span class='ocrx_word' id='word_1_210' title='bbox 267 2729 366 2807; x_wconf 91' lang='lat' dir='ltr'><strong>pueris</strong></span> <span class='ocrx_word' id='word_1_211' title='bbox 384 2729 491 2787; x_wconf 89' lang='lat' dir='ltr'><strong>lascias</strong></span> <span class='ocrx_word' id='word_1_212' title='bbox 513 2746 659 2806; x_wconf 90' lang='lat' dir='ltr'><strong>purpurae</strong></span> <span class='ocrx_word' id='word_1_213' title='bbox 681 2747 715 2788; x_wconf 90' lang='lat' dir='ltr'><strong>ac</strong></span> <span class='ocrx_word' id='word_1_214' title='bbox 738 2729 883 2803; x_wconf 79' lang='lat' dir='ltr'><strong>conchylii</strong></span> <span class='ocrx_word' id='word_1_215' title='bbox 898 2729 1048 2789; x_wconf 88' lang='lat' dir='ltr'><strong>distribuit.</strong></span> <span class='ocrx_word' id='word_1_216' title='bbox 1080 2728 1123 2790; x_wconf 85' lang='lat' dir='ltr'><strong>Et</strong></span> 
     </span>
     <span class='ocr_line' id='line_1_31' title="bbox 267 2812 1133 2891; baseline 0.003 -20"><span class='ocrx_word' id='word_1_217' title='bbox 267 2814 334 2871; x_wconf 92' lang='lat' dir='ltr'><strong>tiam</strong></span> <span class='ocrx_word' id='word_1_218' title='bbox 355 2812 498 2891; x_wconf 87' lang='lat' dir='ltr'><strong>publicam</strong></span> <span class='ocrx_word' id='word_1_219' title='bbox 519 2814 548 2870; x_wconf 90' lang='lat' dir='ltr'><strong>in</strong></span> <span class='ocrx_word' id='word_1_220' title='bbox 569 2822 738 2891; x_wconf 89' lang='lat' dir='ltr'><strong>perpetuum</strong></span> <span class='ocrx_word' id='word_1_221' title='bbox 759 2829 876 2890; x_wconf 86' lang='lat' dir='ltr'><strong>quoque</strong></span> <span class='ocrx_word' id='word_1_222' title='bbox 899 2822 1035 2891; x_wconf 88' lang='lat' dir='ltr'><strong>augeret,</strong></span> <span class='ocrx_word' id='word_1_223' title='bbox 1065 2814 1133 2875; x_wconf 88' lang='lat' dir='ltr'><strong>adie</strong></span> 
     </span>
     <span class='ocr_line' id='line_1_32' title="bbox 268 2895 900 2974; baseline -0.002 -17"><span class='ocrx_word' id='word_1_224' title='bbox 268 2895 466 2957; x_wconf 88' lang='lat' dir='ltr'><strong>Saturnalibus</strong></span> <span class='ocrx_word' id='word_1_225' title='bbox 486 2896 703 2974; x_wconf 89' lang='lat' dir='ltr'><strong>appellavitque</strong></span> <span class='ocrx_word' id='word_1_226' title='bbox 724 2896 900 2957; x_wconf 88' lang='lat' dir='ltr'><strong>Iuvenalem.</strong></span> 
     </span>
    </p>

    <p class='ocr_par' dir='ltr' id='par_1_5' title="bbox 225 2980 1143 3567">
     <span class='ocr_line' id='line_1_33' title="bbox 225 2980 1105 3060; baseline 0.001 -19"><span class='ocrx_word' id='word_1_227' title='bbox 225 2992 259 3046; x_wconf 81' lang='grc'><strong>18</strong></span> <span class='ocrx_word' id='word_1_228' title='bbox 326 2980 445 3041; x_wconf 86' lang='lat' dir='ltr'><strong>Munera</strong></span> <span class='ocrx_word' id='word_1_229' title='bbox 464 2980 647 3058; x_wconf 84' lang='lat' dir='ltr'><strong>gladiatoria,</strong></span> <span class='ocrx_word' id='word_1_230' title='bbox 663 2983 765 3060; x_wconf 91' lang='lat' dir='ltr'><strong>partim</strong></span> <span class='ocrx_word' id='word_1_231' title='bbox 781 2982 808 3039; x_wconf 91' lang='lat' dir='ltr'><strong>in</strong></span> <span class='ocrx_word' id='word_1_232' title='bbox 831 2982 1037 3060; x_wconf 88' lang='lat' dir='ltr'><strong>amphitheatro</strong></span> <span class='ocrx_word' id='word_1_233' title='bbox 1062 2982 1105 3042; x_wconf 89' lang='lat' dir='ltr'><strong>&#39;la</strong></span> 
     </span>
     <span class='ocr_line' id='line_1_34' title="bbox 267 3064 1114 3144; baseline 0 -18"><span class='ocrx_word' id='word_1_234' title='bbox 267 3068 294 3126; x_wconf 89' lang='lat' dir='ltr'><strong>iu</strong></span> <span class='ocrx_word' id='word_1_235' title='bbox 313 3066 428 3144; x_wconf 86' lang='lat' dir='ltr'><strong>Septis,</strong></span> <span class='ocrx_word' id='word_1_236' title='bbox 460 3064 569 3143; x_wconf 89' lang='lat' dir='ltr'><strong>aliquot</strong></span> <span class='ocrx_word' id='word_1_237' title='bbox 594 3065 697 3142; x_wconf 82' lang='lat' dir='ltr'><strong>edidit,</strong></span> <span class='ocrx_word' id='word_1_238' title='bbox 719 3065 820 3144; x_wconf 91' lang='lat' dir='ltr'><strong>quibus</strong></span> <span class='ocrx_word' id='word_1_239' title='bbox 837 3067 956 3126; x_wconf 91' lang='lat' dir='ltr'><strong>inseruit</strong></span> <span class='ocrx_word' id='word_1_240' title='bbox 978 3074 1114 3126; x_wconf 88' lang='lat' dir='ltr'><strong>catervas</strong></span> 
     </span>
     <span class='ocr_line' id='line_1_35' title="bbox 268 3150 1143 3229; baseline 0 -18"><span class='ocrx_word' id='word_1_241' title='bbox 268 3150 536 3229; x_wconf 86' lang='lat' dir='ltr'><strong>Campanorumque</strong></span> <span class='ocrx_word' id='word_1_242' title='bbox 561 3150 688 3228; x_wconf 88' lang='lat' dir='ltr'><strong>pugilum</strong></span> <span class='ocrx_word' id='word_1_243' title='bbox 714 3168 752 3209; x_wconf 83' lang='lat' dir='ltr'><strong>ex</strong></span> <span class='ocrx_word' id='word_1_244' title='bbox 779 3158 900 3227; x_wconf 90' lang='lat' dir='ltr'><strong>utraque</strong></span> <span class='ocrx_word' id='word_1_245' title='bbox 929 3152 1050 3228; x_wconf 86' lang='lat' dir='ltr'><strong>regione</strong></span> <span class='ocrx_word' id='word_1_246' title='bbox 1077 3150 1143 3211; x_wconf 95' lang='lat' dir='ltr'><strong>ele</strong></span> 
     </span>
     <span class='ocr_line' id='line_1_36' title="bbox 267 3232 1143 3313; baseline 0.002 -20"><span class='ocrx_word' id='word_1_247' title='bbox 267 3253 337 3293; x_wconf 92' lang='lat' dir='ltr'><strong>rum.</strong></span> <span class='ocrx_word' id='word_1_248' title='bbox 373 3232 476 3313; x_wconf 90' lang='lat' dir='ltr'><strong>Neque</strong></span> <span class='ocrx_word' id='word_1_249' title='bbox 497 3234 673 3312; x_wconf 86' lang='lat' dir='ltr'><strong>spectaculis</strong></span> <span class='ocrx_word' id='word_1_250' title='bbox 694 3252 809 3311; x_wconf 92' lang='lat' dir='ltr'><strong>semper</strong></span> <span class='ocrx_word' id='word_1_251' title='bbox 830 3235 894 3311; x_wconf 93' lang='lat' dir='ltr'><strong>ipse</strong></span> <span class='ocrx_word' id='word_1_252' title='bbox 918 3234 1081 3311; x_wconf 90' lang='lat' dir='ltr'><strong>praesedit,</strong></span> <span class='ocrx_word' id='word_1_253' title='bbox 1112 3255 1143 3295; x_wconf 71' lang='lat' dir='ltr'><strong>s:</strong></span> 
     </span>
     <span class='ocr_line' id='line_1_37' title="bbox 267 3317 1128 3396; baseline 0.005 -21"><span class='ocrx_word' id='word_1_254' title='bbox 267 3317 331 3376; x_wconf 94' lang='lat' dir='ltr'><strong>dum</strong></span> <span class='ocrx_word' id='word_1_255' title='bbox 349 3327 396 3377; x_wconf 91' lang='lat' dir='ltr'><strong>aut</strong></span> <span class='ocrx_word' id='word_1_256' title='bbox 414 3318 627 3396; x_wconf 90' lang='lat' dir='ltr'><strong>magistratibus</strong></span> <span class='ocrx_word' id='word_1_257' title='bbox 644 3326 690 3376; x_wconf 89' lang='lat' dir='ltr'><strong>aut</strong></span> <span class='ocrx_word' id='word_1_258' title='bbox 707 3318 805 3378; x_wconf 87' lang='lat' dir='ltr'><strong>amicis</strong></span> <span class='ocrx_word' id='word_1_259' title='bbox 826 3318 1009 3395; x_wconf 88' lang='lat' dir='ltr'><strong>praesidendi</strong></span> <span class='ocrx_word' id='word_1_260' title='bbox 1023 3336 1128 3379; x_wconf 91' lang='lat' dir='ltr'><strong>munus</strong></span> 
     </span>
     <span class='ocr_line' id='line_1_38' title="bbox 267 3400 1138 3479; baseline 0.005 -20"><span class='ocrx_word' id='word_1_261' title='bbox 267 3402 427 3462; x_wconf 86' lang='lat' dir='ltr'><strong>Scaenicos</strong></span> <span class='ocrx_word' id='word_1_262' title='bbox 447 3402 530 3462; x_wconf 92' lang='lat' dir='ltr'><strong>ludos</strong></span> <span class='ocrx_word' id='word_1_263' title='bbox 555 3411 584 3461; x_wconf 89' lang='lat' dir='ltr'><strong>et</strong></span> <span class='ocrx_word' id='word_1_264' title='bbox 606 3400 719 3460; x_wconf 90' lang='lat' dir='ltr'><strong>assidue</strong></span> <span class='ocrx_word' id='word_1_265' title='bbox 747 3410 775 3459; x_wconf 90' lang='lat' dir='ltr'><strong>et</strong></span> <span class='ocrx_word' id='word_1_266' title='bbox 799 3403 871 3459; x_wconf 87' lang='lat' dir='ltr'><strong>varii</strong></span> <span class='ocrx_word' id='word_1_267' title='bbox 892 3404 1010 3479; x_wconf 89' lang='lat' dir='ltr'><strong>generis</strong></span> <span class='ocrx_word' id='word_1_268' title='bbox 1030 3420 1066 3462; x_wconf 90' lang='lat' dir='ltr'><strong>ac</strong></span> <span class='ocrx_word' id='word_1_269' title='bbox 1087 3420 1138 3463; x_wconf 89' lang='lat' dir='ltr'><strong>mu</strong></span> 
     </span>
     <span class='ocr_line' id='line_1_39' title="bbox 266 3485 1138 3567; baseline 0.005 -24"><span class='ocrx_word' id='word_1_270' title='bbox 266 3485 351 3562; x_wconf 87' lang='lat' dir='ltr'><strong>lecit,</strong></span> <span class='ocrx_word' id='word_1_271' title='bbox 376 3486 517 3567; x_wconf 88' lang='lat' dir='ltr'><strong>quondam</strong></span> <span class='ocrx_word' id='word_1_272' title='bbox 540 3495 569 3546; x_wconf 91' lang='lat' dir='ltr'><strong>et</strong></span> <span class='ocrx_word' id='word_1_273' title='bbox 588 3494 760 3560; x_wconf 89' lang='lat' dir='ltr'><strong>nocturnos,</strong></span> <span class='ocrx_word' id='word_1_274' title='bbox 782 3487 914 3545; x_wconf 88' lang='lat' dir='ltr'><strong>accensis</strong></span> <span class='ocrx_word' id='word_1_275' title='bbox 935 3494 994 3547; x_wconf 89' lang='lat' dir='ltr'><strong>tota</strong></span> <span class='ocrx_word' id='word_1_276' title='bbox 1013 3485 1085 3546; x_wconf 89' lang='lat' dir='ltr'><strong>urbe</strong></span> <span class='ocrx_word' id='word_1_277' title='bbox 1106 3486 1138 3547; x_wconf 91' lang='lat' dir='ltr'><strong>lu</strong></span> 
     </span>
    </p>
   </div>
   <div class='ocr_carea' id='block_1_4' title="bbox 0 0 1155 3862">
    <p class='ocr_par' dir='ltr' id='par_1_6' title="bbox 0 0 1155 3862">
     <span class='ocr_line' id='line_1_40' title="bbox 0 0 1155 3862; baseline 0 0"><span class='ocrx_word' id='word_1_278' title='bbox 0 0 1155 3862; x_wconf 95' lang='lat' dir='ltr'><strong> </strong></span> 
     </span>
    </p>
   </div>
  </div>
 </body>
</html>
