2334 3870
104 185 144 248 48
189 197 218 245 c.
232 195 383 245 suunom
394 191 523 252 remo
541 192 589 239 nn
600 190 684 238 vrrs
696 188 881 238 cnnsnnunr
897 191 970 240 nm.
982 193 1024 243 11.

105 352 241 434 emptioni
256 350 427 432 publicanos
452 347 584 424 videbat,
606 344 713 406 liberto
728 362 781 405 suo
796 340 922 421 addixit,
943 355 977 406 ut
991 349 1115 429 relega·

105 448 162 498 tum
182 438 211 496 in
233 454 321 514 agros
341 451 394 513 pro
418 433 511 493 libero
534 449 601 491 esse
623 431 740 489 sineret
782 428 934 489 Decimam
959 430 1116 509 legionem

105 522 302 582 contumacius
327 526 478 599 parentem
499 533 564 575 cum
591 515 748 591 ignominia
776 521 867 573 totam
886 512 1004 592 dimisit,
1038 521 1113 580 item

106 606 176 667 alias
199 604 368 665 immodeste
387 602 554 661 missionem
573 597 756 678 postulantes
772 599 846 658 citra
863 597 1010 659 commoda
1025 618 1109 662 eme·

40 744 43 749 .
103 693 223 751 ritorum
239 688 430 768 praemiorum
446 684 657 744 exauctoravit.
688 681 850 758 cobortes,
871 683 984 762 siquae
998 688 1129 749 cessis-s

104 782 169 834 seut
184 773 266 848 loeo,
285 771 444 830 decimatas
458 768 570 829 hordeo
585 769 676 848 pavit.
708 764 900 827 Centuriones
916 768 1041 828 statione
1056 769 1106 830 de-

104 865 198 932 serta,
214 855 312 915 itidem
326 864 356 914 ut
371 853 583 933 manipulares,
607 850 724 930 capitali
739 849 992 912 animadversione
1006 856 1111 933 puniit,

104 957 158 1020 pro
183 948 284 999 cetero
311 936 483 998 delictorum
507 955 618 1015 genere
639 937 727 995 variis
749 936 903 1012 ignominis
928 935 1051 1015 adfecit,
1081 947 1113 1000 ut

104 1033 185 1085 stare
204 1042 258 1104 per
273 1033 363 1083 totum
379 1021 455 1081 diem
475 1020 589 1081 iuberet
604 1028 670 1079 ante
693 1021 888 1098 praetorium,
907 1020 1049 1081 interdum
1065 1031 1108 1082 tu·

104 1109 217 1168 uicatos
244 1107 476 1184 discinctosque,
503 1121 712 1181 nonnumquam
742 1121 806 1163 cnm
827 1102 1032 1185 decempedis,
1056 1105 1107 1166 vel
1117 1126 1143 1169 ro

62 1193 189 1255 25etiam
210 1192 350 1267 cespitem
373 1197 534 1268 portantes.
572 1187 676 1265 Neque
697 1196 766 1267 post
788 1187 868 1249 bella
891 1189 990 1250 civilia
1011 1198 1060 1250 aut
1081 1191 1111 1250 in

104 1275 239 1335 contione
263 1282 311 1332 aut
329 1291 383 1351 per
399 1271 523 1331 edictum
539 1271 615 1332 ullos
630 1271 750 1330 militum
774 1272 986 1334 commilitones
1008 1274 1108 1354 appel·

103 1357 197 1434 labat,
213 1356 266 1416 sed
281 1356 396 1434 milites,
413 1374 447 1416 ac
464 1374 500 1416 ne
516 1375 533 1416 a
549 1356 615 1416 liliis
630 1355 745 1435 quidem
761 1365 809 1417 aut
823 1358 968 1436 privignis
984 1361 1045 1418 suis
1059 1359 1107 1418 im-

104 1444 188 1522 perio
202 1441 341 1522 praeditis
357 1441 442 1502 aliter
459 1439 602 1520 appellari
617 1458 721 1519 passus
736 1449 792 1518 est,
808 1440 989 1503 ambitiosius
1004 1442 1035 1502 id
1049 1444 1110 1503 exi·

104 1529 237 1604 stimans,
257 1543 340 1606 quam
356 1535 404 1587 aut
418 1527 491 1586 ratio
507 1525 637 1587 militaris
655 1535 702 1586 aot
716 1534 877 1604 temporum
893 1527 980 1604 quiea
993 1537 1042 1588 aut
1059 1545 1144 1590 suana

105 1611 263 1692 domusque
285 1630 353 1672 suae
374 1611 511 1670 maiestas
527 1609 697 1687 postularet.
731 1608 878 1670 bibertino
896 1611 1005 1689 milite,
1023 1630 1110 1692 prae-

105 1703 234 1776 terquam
248 1694 357 1755 Romae
373 1692 569 1761 incendiorum
585 1710 671 1753 causa
686 1695 756 1752 etsi
772 1693 906 1754 tumultus
922 1696 950 1754 in
965 1696 1110 1772 graviore

104 1795 217 1839 annona
231 1786 424 1853 metueretur,
446 1774 492 1834 bis
506 1794 574 1835 usus
591 1784 651 1836 est:
675 1777 768 1837 semel
783 1778 820 1839 ad
834 1778 1011 1858 praesidium
1026 1779 1108 1840 colo-

103 1862 213 1923 uiarum
239 1858 385 1932 Illyricum
414 1861 654 1937 contingentium,
685 1862 789 1922 iterum
817 1861 853 1923 ad
882 1862 1002 1923 tutelam
1023 1865 1109 1944 ripae

103 1944 199 2007 Rheni
215 1943 350 2011 buminis;
368 1960 496 2024 eosque,
512 1960 615 2003 servos
631 1943 723 2004 adhuc
738 1947 809 2006 viris
824 1945 999 2026 feminisque
1014 1965 1105 2026 pecu·
1116 1965 1140 2006 no

103 2026 278 2088 niosioribus
302 2027 425 2086 indictos
447 2045 481 2088 ac
504 2030 566 2088 sinc
588 2046 668 2089 mora
698 2031 901 2108 manumissos,
931 2030 1110 2110 subpriore

104 2110 212 2173 vexillo
229 2108 337 2188 habuit,
354 2129 449 2192 neque
466 2121 513 2172 aut
528 2114 698 2173 commixtos
710 2109 775 2173 cum
790 2115 925 2192 ingenuis
941 2124 990 2175 aut
1002 2115 1109 2177 eodem

103 2195 188 2258 modo
210 2204 343 2256 armatos.

165 2279 249 2341 Dona
274 2280 422 2358 militaria,
451 2281 596 2361 aliquanto
622 2281 736 2343 facilius
759 2282 895 2363 phaleras
923 2291 954 2343 et
973 2291 1107 2366 torques,
1156 2337 1157 2340 ,

103 2363 238 2446 quicquid
257 2382 326 2425 auro
344 2374 524 2445 argentoque
540 2374 700 2444 constaret,
718 2385 802 2448 quam
817 2367 945 2427 vallares
958 2384 993 2428 ac
1011 2385 1139 2432 mura-rt

102 2450 148 2511 les
171 2467 309 2526 coronas,
332 2467 405 2528 quae
426 2449 537 2509 bonore
559 2451 789 2529 praecellerent,
820 2450 921 2522 dabat3
944 2450 997 2513 bas
1020 2470 1107 2534 quam

102 2535 272 2613 parcissime
290 2542 319 2592 et
336 2535 398 2592 sine
417 2533 569 2593 ambitione
588 2552 622 2594 ac
638 2553 729 2613 saepe
744 2538 830 2596 etiam
845 2535 979 2614 caligatis
994 2535 1105 2599 tribuit.

101 2617 139 2679 bl.
156 2616 319 2696 Agrippam
333 2619 362 2677 in
378 2617 477 2678 Sicilia
493 2625 560 2696 post
580 2619 713 2679 navalem
728 2621 879 2681 victoriam
895 2618 1034 2682 caeruleo
1054 2640 1105 2683 ve·

101 2701 173 2761 xillo
187 2700 313 2762 donavit.
344 2701 432 2761 Solos
448 2702 648 2781 triumphales,
667 2721 835 2784 quamquam
852 2713 882 2765 et
896 2706 996 2766 socios
1012 2723 1104 2787 expe·

102 2784 238 2845 ditionum
261 2794 290 2845 et
312 2787 471 2864 participes
493 2787 677 2848 victoriarum
699 2807 828 2868 suarum,
849 2806 1001 2869 numquam
1016 2787 1103 2852 donis
1113 2811 1139 2854 co

102 2868 308 2949 impertiendos
331 2872 456 2948 putavit,
480 2868 557 2949 quod
577 2872 633 2949 ipsi
659 2890 774 2953 quoque
794 2875 838 2934 ius
858 2873 1028 2935 habuissent
1050 2875 1102 2936 tri·

102 2953 206 3015 buendi
228 2971 263 3012 ea
288 2953 391 3032 quibus
410 2954 529 3015 vellent.
565 2955 643 3016 Nihil
659 2965 753 3018 autem
769 2960 860 3020 miuus
879 2958 1015 3039 perlecto
1033 2956 1103 3020 duci

103 3056 185 3117 quam
204 3038 416 3097 festinationem
439 3040 687 3121 temeritatemque
713 3044 870 3105 convenire
895 3042 1100 3105 arbitrabatur.

104 3122 215 3183 Crebro
233 3124 329 3200 itaque
351 3122 400 3182 illa
414 3122 553 3184 iactabat:
574 3121 709 3186 Σπεῦδε
732 3123 899 3206 βραδέωςῐ
932 3116 1102 3208 Ἀσφαλής

102 3198 166 3286 γάρ
182 3194 248 3266 ἐστ’
266 3203 412 3285 αμείνων
425 3193 447 3286 ἢ
461 3196 593 3288 θρασὺς
608 3206 841 3292 στρατηλάτης.
871 3212 925 3290 m,
945 3211 1007 3274 Sat
1020 3212 1099 3274 celc-
1109 3229 1136 3274 ss

101 3289 179 3350 riter
201 3291 271 3368 fieri
292 3289 441 3373 quidquid
458 3292 517 3369 fiat
534 3293 615 3353 rotie
637 3293 721 3355 bene.
750 3295 896 3358 Proelium
917 3296 1033 3377 quidem
1053 3305 1102 3359 aut

101 3371 208 3433 bellum
231 3375 442 3440 suscipiendum
465 3378 579 3428 amaron
599 3378 739 3436 necabat.
761 3382 815 3440 nisi
832 3400 895 3442 cum
909 3382 1001 3443 maior
1020 3399 1099 3444 emo-

101 3455 208 3515 lument
242 3478 300 3519 unet
338 3461 499 3519 masnada--
550 3495 560 3512 ι,
657 3503 680 3512 --
702 3474 859 3516 --u-ereinc
890 3465 964 3528 Nam
984 3467 1099 3528 minima
