2286 3862
438 211 545 262 orvns
567 214 695 263 1nu1ns.
1036 201 1076 264 33

66 375 176 451 Quinto
192 372 317 434 llaximo
342 368 466 428 suffecto
486 369 702 451 trimenstrique
731 369 853 430 consule
871 369 1013 430 theatrum
1035 369 1077 430 iu·

10 450 18 491 l
67 467 220 536 troeuute,
244 474 309 516 cum
320 454 409 513 lictor
426 453 613 515 animadverti
629 474 667 516 ex
683 473 765 515 more
788 456 937 532 iussisset,
962 452 998 514 ab
1016 453 1076 514 uui·

10 536 30 611 ¹,
67 545 163 604 versis
182 542 393 603 conclamatum
415 545 476 615 est,
499 555 558 599 non
577 558 644 600 esse
665 558 730 601 euru
750 539 910 600 consulem.
944 538 1015 599 Post
1031 556 1077 598 re·

10 614 37 662 ²
67 637 165 690 motos
187 626 352 688 Caesetium
375 630 405 680 et
425 621 575 682 Marullum
598 623 731 685 tribunos
752 633 871 704 reperta
890 632 957 683 sunt
979 624 1077 703 proxi·

10 688 57 771 hs
68 717 122 774 mis
142 713 266 772 comitiis
285 706 436 786 complura
457 705 596 783 suffragia
619 709 756 768 consules
782 726 836 768 eos
860 707 1077 769 declarantium.

10 792 40 834 ¹
69 791 417 876 Subscripsere‚quidam
441 788 512 849 Luci
537 789 618 850 Bruti
641 800 769 852 statuae:
797 791 921 854 Utinam
938 793 1078 854 cineres!

10 878 41 942 Ε
68 885 139 943 item
156 883 246 961 ipsius
261 877 412 938 Caesaris:

10 962 42 1045 ,Ι
153 971 277 1039 Brutos,
298 967 366 1039 quio
377 978 457 1036 repes
474 965 567 1036 eiecit,
588 966 687 1021 consol
694 967 805 1038 primos
819 966 916 1039 foetus
930 973 983 1022 est.-

10 1049 41 1090 ¹¹
152 1056 224 1124 liic,
245 1053 311 1124 quio
329 1050 456 1106 consules
473 1051 565 1120 eiecit,
586 1064 642 1105 rex
651 1056 794 1121 postremo
810 1049 906 1122 scetus
917 1054 967 1105 est.

10 1119 276 1212 iloConspiratum
294 1140 341 1190 est
361 1130 390 1189 in
411 1147 474 1188 eum
498 1147 513 1188 a
536 1130 688 1206 sexaginta
713 1130 852 1209 amplius,
876 1130 948 1190 Gaio
976 1126 1079 1190 Cassio

9 1219 42 1264 Ι
68 1220 229 1298 Marcoque
241 1225 271 1276 et
291 1215 413 1276 Decimo
431 1212 521 1273 Bruto
540 1214 721 1295 principibus
747 1215 984 1296 conspirationis.
1024 1212 1080 1288 Qui

10 1286 41 1365 Ιί
69 1306 191 1385 primum
214 1301 356 1376 cunctati,
380 1306 510 1357 utrumne
533 1298 561 1356 in
584 1297 694 1379 Campo
716 1318 770 1379 per
793 1301 909 1360 comitia
934 1297 1026 1358 tribus
1043 1296 1080 1358 ad

10 1371 39 1432 ΙΙ
69 1388 209 1462 suffragia
229 1392 384 1443 vocantem
405 1380 536 1459 partibus
559 1380 658 1442 divisis
677 1402 693 1442 e
711 1393 803 1462 ponte
825 1384 975 1444 deicerent
993 1391 1080 1462 atque

10 1474 36 1517 Ι
70 1478 228 1548 exceptum
254 1464 449 1539 trucidarent,
473 1481 508 1522 au
530 1463 559 1521 in
586 1465 676 1525 Sacra
697 1466 805 1525 uiavel
828 1468 858 1524 in
881 1467 957 1526 aditu
976 1466 1081 1524 theatri

10 1559 58 1614 15
69 1555 267 1616 adorirentur:
293 1558 446 1628 postquam
467 1555 584 1606 senatus
604 1546 702 1607 ldibus
720 1547 831 1608 lilartiis
846 1550 875 1607 in
892 1547 1014 1626 Pompei
1032 1565 1080 1608 cu·

10 1636 32 1688 li
68 1642 141 1699 riam
154 1637 267 1698 edictus
280 1642 341 1711 est,
363 1633 452 1692 facile
470 1640 583 1710 tempus
596 1641 626 1692 et
642 1632 739 1693 locum
752 1632 961 1711 praetulerunt.

10 1730 31 1773 Ι
133 1722 193 1783 Sed
213 1719 333 1782 Caesari
353 1718 448 1778 futura
473 1715 580 1777 caedes
597 1717 778 1778 evidentibus
803 1717 945 1797 prodigiis
968 1712 1119 1777 deuon-81

10 1798 30 1859 b
68 1811 138 1869 tiata
161 1816 216 1867 est.
250 1805 365 1865 Paucos
394 1811 460 1862 ante
482 1819 616 1880 menses,
643 1822 707 1863 cum
721 1805 750 1862 in
772 1801 889 1864 colonia
911 1800 1010 1882 Capua
1029 1801 1078 1862 de-

10 1902 28 1945 n
70 1894 148 1953 ducti
181 1891 251 1969 lege
281 1888 354 1950 Iulia
377 1885 475 1947 coloni
501 1885 537 1946 ad
565 1888 741 1948 extruendas
770 1886 855 1949 villas
883 1888 1080 1948 vetustissima

10 1972 59 2035 iso
70 1977 228 2058 sepulchra
253 1973 446 2048 dissicerent,
464 1971 552 2051 idque
572 1990 609 2033 eo
639 1973 795 2033 studiosius
820 1973 970 2051 facerent,
1002 1970 1081 2053 quod

10 2055 28 2117 h
70 2063 246 2140 aliquantum
270 2056 457 2117 vasculorum
486 2058 586 2135 operis
612 2059 721 2136 antiqui
752 2065 915 2119 scrutantes
948 2058 1079 2138 reperie-

10 2149 27 2203 Ι
69 2146 156 2220 baut,
179 2143 276 2204 tabula
298 2157 390 2201 aenea
412 2141 439 2199 in
458 2141 651 2220 monimento,
681 2145 788 2222 inquo
812 2141 961 2203 dicebatur
980 2140 1079 2224 Capys

10 2226 25 2286 n'
71 2229 208 2290 conditor
234 2226 352 2305 Capuae
376 2223 524 2303 sepultus,
557 2226 673 2288 inventa
693 2236 754 2304 est,
783 2228 952 2307 conscripta
973 2227 1079 2287 litteris

10 2326 25 2383 rt
69 2313 228 2392 verbisque
252 2309 373 2372 Graecis
390 2309 446 2369 hac
467 2312 627 2387 sententia,
655 2309 851 2392 Quandoque
870 2329 947 2373 osso
963 2308 1081 2390 Capyi-r

10 2396 60 2457 rias
72 2400 193 2461 detecta
209 2401 324 2470 essent,
347 2393 420 2473 fore
439 2400 475 2454 ut
492 2391 562 2456 Iulo
579 2404 756 2477 prognatus
774 2414 870 2457 mono
893 2395 1079 2475 consangui-

10 2483 23 2541 i
69 2501 198 2546 meorum
212 2484 378 2543 necaretur
389 2477 571 2559 magnisque
593 2499 666 2543 mon
685 2479 802 2543 Italiae
822 2479 968 2543 cladibus
979 2478 1079 2541 vindi·

10 2582 23 2644 t
70 2573 206 2630 caretur.
247 2563 335 2625 Cuius
360 2564 420 2641 rei,
449 2582 485 2623 ne
508 2565 572 2643 quis
595 2565 758 2628 fabulosam
780 2574 828 2628 aut
851 2566 1081 2627 commenticiam

10 2665 21 2709 ι
69 2660 170 2734 putet,
199 2656 364 2712 auctorest
383 2646 538 2709 Cornelius
564 2649 689 2730 Balbus,
712 2652 950 2712 familiarissimus
973 2649 1079 2712 Caesa·
1138 2656 1141 2660 ⁴

69 2741 120 2798 ris.
154 2735 297 2798 Proximis
325 2732 426 2793 diebus
449 2750 590 2814 equorum
617 2755 744 2815 greges,
773 2753 847 2818 quos
869 2738 898 2796 in
917 2735 1079 2798 traiciendo

10 2829 59 2881 1³0
69 2821 223 2885 Rubicone
249 2819 365 2881 humine
399 2829 588 2880 consecrarat
622 2839 657 2882 ac
678 2839 774 2900 uagos
808 2830 838 2881 et
865 2823 929 2882 sine
957 2819 1079 2883 custode

10 2922 18 2985 t
70 2906 235 2982 dimiserat,
256 2904 400 2982 comperit
420 2904 654 2983 pertinacissime
684 2905 793 2987 pabulo
820 2906 968 2967 abstinere
993 2904 1080 2966 uber·

10 3014 12 3031 >
68 2993 179 3070 timque
205 2987 287 3048 dere.
330 2986 369 3046 Et
390 2987 585 3049 immolantem
612 2989 762 3071 haruspex
789 2991 934 3071 Spurinna
958 2991 1080 3067 monuit,

10 3089 15 3148 ι
69 3080 198 3137 caneret
222 3070 411 3154 perieulum,
439 3072 525 3152 qood
545 3093 608 3136 non
631 3075 717 3137 uiuo
740 3075 879 3137 Martios
902 3073 981 3136 idus
1004 3092 1079 3155 pro-

10 3174 14 3231 t
66 3161 216 3240 ferretm.
251 3155 347 3217 Pridie
366 3165 460 3218 autem
478 3158 595 3220 easdem
616 3159 685 3222 ldus
705 3180 788 3223 arem
805 3160 997 3239 regaliolum,
1018 3177 1081 3221 curn

10 3248 58 3308 'ss
68 3247 171 3306 laureo
197 3241 309 3304 ramulo
332 3240 528 3321 Pompeianae
552 3246 649 3306 curiae
673 3265 706 3307 se
728 3247 918 3325 inferentem,
941 3245 1080 3307 volucres

67 3330 142 3391 varii
166 3329 285 3407 generis
311 3344 349 3388 ex
378 3328 513 3407 proximo
542 3348 663 3391 nemore
690 3341 866 3411 persecutae
889 3331 996 3392 ibidem
1023 3329 1079 3391 dis-

69 3421 253 3495 cerpserunt.
274 3409 318 3473 Ea
334 3430 407 3474 vero
429 3420 533 3492 nocte,
558 3418 603 3475 cui
620 3415 724 3477 inluxit
743 3418 807 3477 dies
828 3417 942 3496 caedis,
968 3417 1079 3496 etipse

68 3498 126 3559 sibi
148 3499 228 3559 risus
248 3504 294 3558 est
326 3516 380 3578 per
404 3498 529 3578 quietem
553 3500 695 3562 interdum
716 3520 803 3583 supra
826 3503 920 3564 nubes
942 3501 1079 3578 volitare,
1127 3512 1132 3525 ¹

121 3603 277 3646 sunrcnrus.
851 3588 870 3648 3
