2334 3870
415 205 778 256 orvusvuseusruuua.
1030 195 1092 259 227

101 372 163 422 ctus
178 370 239 437 est,
256 370 285 421 ut
300 370 329 421 et
343 361 500 422 industriae
515 371 658 441 expertae
672 381 728 424 nec
743 363 913 424 metuendus
928 364 988 425 ullo
1003 365 1090 426 modo

101 446 139 505 ob
157 445 340 506 humilitatem
354 447 474 523 generis
490 463 524 505 ac
538 448 670 507 nominis.
716 446 832 507 Auditis
841 449 928 524 igitur
940 447 976 508 ad
988 451 1090 529 copias

99 529 207 590 duabus
221 529 396 607 legionibus,
415 537 482 590 octo
498 530 561 608 alis,
581 530 751 592 cohortibus
774 531 890 609 decem,
912 540 997 609 atqua
1017 534 1091 593 inter

98 616 213 691 legatos
227 616 338 674 maiore
353 613 411 673 lilio
428 623 587 693 assumpto,
603 623 633 674 ut
648 618 769 695 primum
786 618 965 694 provinciam
989 616 1090 693 attigit,

75 700 245 776 aproximas
261 714 378 776 quoque
397 699 540 757 convertit
555 699 584 756 in
598 716 647 774 se,
670 710 803 761 correcta
822 702 916 760 statim
932 708 1091 760 castrorum

96 782 260 861 disciplina,
277 798 394 860 unoque
410 790 438 840 et
453 782 546 842 altero
564 782 679 859 proelio
698 791 755 843 tarn
771 786 939 845 constanter
952 784 1040 859 inito,
1063 792 1092 843 ut

96 869 125 924 iu
142 865 361 944 oppugnatione
378 865 490 926 castelli
513 865 618 944 lapidis
639 868 728 926 ictum
747 885 840 944 genu,
865 879 947 929 scuto
970 870 1091 944 sagittas

97 949 210 1028 aliquot
227 951 388 1028 exceperit.

158 1033 229 1094 Post
244 1032 394 1092 Neronem
411 1032 599 1113 Galbamque,
618 1034 730 1094 Othone
748 1053 782 1094 ac
798 1034 918 1095 Vitellio
935 1034 971 1093 de
986 1037 1124 1113 princi-5

60 1141 85 1181 uo
95 1126 163 1196 patu
180 1116 367 1194 certantibus,
386 1119 414 1177 in
430 1137 512 1198 spem
528 1119 641 1198 imperii
656 1121 748 1195 venit,
772 1119 952 1197 iampridem
968 1116 1023 1177 sibi
1039 1135 1093 1196 per

95 1201 169 1263 haec
186 1210 299 1262 ostenta
317 1212 500 1280 conceptam.

154 1284 187 1344 ln
203 1285 367 1345 suburbano
383 1284 549 1346 Flauiorum
564 1305 690 1364 quercus
707 1290 831 1367 antiqua,
845 1307 919 1367 quae
932 1296 994 1348 erat
1005 1286 1091 1348 Marti

95 1386 189 1444 sacra,
205 1386 259 1446 per
274 1376 335 1427 tres
352 1369 516 1445 Vespasiae
531 1380 644 1447 partus,
667 1372 799 1446 singulos
819 1382 942 1449 repente
959 1389 1056 1432 ramos
1073 1389 1090 1431 a

95 1452 199 1513 frutice
216 1450 304 1527 dedit,
321 1450 397 1511 haud
412 1451 497 1510 dubia
513 1453 594 1526 signa
610 1452 696 1510 luturi
719 1457 857 1531 cuiusque
878 1457 942 1514 lati:
970 1456 1091 1530 primum

62 1557 85 1602 lu
97 1537 202 1599 exilem
221 1543 250 1595 et
266 1536 322 1596 cito
340 1534 512 1610 arefactum,
530 1533 670 1613 (ideoque
686 1535 782 1612 puella
798 1545 863 1595 nata
877 1553 935 1594 non
950 1553 1091 1614 peranna-
1144 1579 1145 1582 ,

95 1623 151 1702 vit)
169 1621 324 1683 secundum
341 1619 538 1701 praeualidum
554 1637 587 1678 ac
603 1618 748 1696 prolixum
770 1627 799 1677 et
816 1620 862 1696 qui
877 1637 1010 1696 magnam
1026 1618 1090 1678 lali-

96 1709 212 1769 citatem
227 1706 426 1785 portenderet,
444 1706 557 1765 tertium
572 1721 645 1764 vero
663 1704 752 1762 instar
768 1701 890 1763 arboris.
928 1705 1024 1778 Quare
1040 1721 1089 1782 pa-

93 1802 166 1853 trem
182 1791 318 1853 Sabinum
332 1791 438 1867 lerunt,
453 1790 620 1869 haruspicio
636 1790 753 1868 insuper
765 1790 972 1865 confirmatum,
987 1806 1089 1847 renun-

94 1879 182 1938 tiasse
199 1876 290 1953 matri,
307 1884 443 1954 nepotem
461 1876 488 1934 ei
503 1873 657 1936 Caesarem
674 1875 815 1951 genitum;
835 1892 890 1932 nec
912 1873 988 1933 illam
1011 1873 1089 1952 quic·

60 1979 179 2039 coquam
201 1959 277 2020 aliud
299 1979 382 2038 quam
406 1959 610 2036 cachinnasse,
634 1960 798 2035 mirantem,
829 1957 913 2038 quod
935 1957 1037 2018 adbuc
1055 1974 1090 2017 se

93 2045 202 2106 mentio
219 2049 361 2121 compote
375 2042 525 2103 deliraret
539 2045 601 2104 ium
616 2044 700 2120 fitius
713 2060 798 2103 suns.

156 2130 245 2204 blox,
268 2145 332 2187 eum
354 2126 477 2186 aedilem
501 2145 564 2186 cum
588 2125 620 2185 G.
645 2125 768 2203 Caesar,
792 2144 970 2186 succensens
993 2144 1090 2186 curam
1127 2134 1128 2138 ’

94 2211 245 2274 verrendis
262 2213 317 2271 viis
334 2229 392 2269 non
407 2209 572 2286 adhibitam,
592 2210 651 2269 luto
668 2211 803 2269 iussisset
818 2211 933 2289 oppleri
947 2219 1089 2286 congesto

25 2304 28 2308 ’
94 2317 148 2376 per
162 2298 269 2357 milites
285 2297 313 2354 in
333 2303 504 2372 praetextae
523 2295 624 2370 sinum,
641 2312 698 2353 non
714 2295 866 2354 defuerunt
884 2296 931 2373 qui
947 2296 1089 2371 interpre-

59 2388 239 2456 astarentur‚
262 2377 433 2458 quandoque
458 2378 655 2456 proculcatam
670 2377 871 2456 desertamque
886 2398 946 2438 rem
968 2398 996 2457 p.
1013 2377 1090 2437 civili

96 2464 190 2542 aliqua
206 2462 423 2541 perturbatione
439 2464 467 2521 in
484 2462 602 2524 tutelam
617 2464 678 2523 eius
694 2481 728 2523 ac
746 2464 867 2522 velutin
884 2464 1023 2540 gremium
1041 2460 1088 2520 de·

95 2556 252 2607 venturam.

154 2630 315 2691 Prandente
331 2648 367 2690 eo
387 2630 545 2710 quondam,
568 2631 647 2691 canis
663 2634 805 2691 extrarius
830 2650 846 2690 e
867 2632 952 2691 trivio
976 2649 1088 2691 manum

92 2716 241 2775 humanam
256 2715 348 2775 intulit
361 2733 538 2793 mensaeque
562 2715 693 2775 subiecit.
733 2715 877 2777 Caenante
899 2734 1013 2792 rursus,
1033 2715 1088 2776 bos

58 2821 83 2861 ao
95 2808 192 2859 arator
212 2799 337 2860 decusso
357 2802 425 2877 iugo
445 2800 598 2859 triclinium
621 2802 738 2878 irrupit,
766 2818 801 2860 ao
820 2800 927 2877 iugatis
953 2800 1088 2859 ministris

93 2885 174 2961 quasi
191 2893 313 2961 repente
328 2882 463 2943 defessus
478 2883 605 2962 procidit
620 2884 655 2943 ad
677 2886 760 2962 ipsos
776 2883 973 2944 accumbentis
996 2882 1088 2962 pedes

93 2967 295 3045 cervicemque
319 2969 466 3026 summisit.
510 2966 609 3027 Arbor
633 2985 750 3047 quoque
779 2986 934 3046 cupressus
960 2970 988 3027 in
1013 2984 1086 3044 agro

92 3053 169 3111 avito
187 3052 249 3110 sine
265 3049 323 3110 ulla
338 3052 367 3110 vi
378 3053 557 3129 tempestatis
572 3050 672 3111 evulsa
684 3051 819 3112 radicitus
832 3062 917 3130 atque
930 3060 1087 3132 prostrata,

92 3137 255 3213 insequenti
275 3133 321 3194 die
337 3133 456 3194 viridior
473 3153 508 3194 ao
523 3135 632 3195 firmior
646 3137 815 3195 resurrexit.

57 3235 81 3278 ³⁵
152 3217 191 3277 At
207 3221 235 3277 in
250 3218 361 3279 Achaia
376 3217 538 3294 somniavit,
555 3220 664 3278 initium
680 3219 734 3278 sibi
752 3221 869 3298 suisque
881 3220 1029 3280 felicitatis
1043 3218 1078 3277 lu·

91 3312 199 3378 turum,
219 3303 302 3362 simul
319 3321 352 3363 ac
368 3303 439 3363 dens
454 3302 563 3362 Neroni
585 3313 736 3382 exemptus
760 3314 853 3374 esset;
879 3305 1034 3383 evenitque
1055 3311 1085 3362 ut

90 3388 223 3465 sequenti
239 3387 285 3446 die
302 3404 477 3466 progressus
492 3389 520 3446 in
542 3389 642 3448 atrium
658 3387 787 3449 medicus
808 3387 921 3448 dentem
941 3389 968 3447 ei
988 3396 1070 3448 oster

90 3470 183 3532 dffi'el.
201 3479 365 3536 inmunemque
390 3472 461 3531 ruod
478 3483 650 3528 crementum.

818 3559 844 3604 lu
