<?xml version="1.0" encoding="UTF-8"?>
<!DOCTYPE html PUBLIC "-//W3C//DTD XHTML 1.0 Transitional//EN"
    "http://www.w3.org/TR/xhtml1/DTD/xhtml1-transitional.dtd">
<html xmlns="http://www.w3.org/1999/xhtml" xml:lang="en" lang="en">
 <head>
  <title>
</title>
<meta http-equiv="Content-Type" content="text/html;charset=utf-8" />
  <meta name='ocr-system' content='tesseract 3.04.00' />
  <meta name='ocr-capabilities' content='ocr_page ocr_carea ocr_par ocr_line ocrx_word'/>
</head>
<body>
  <div class='ocr_page' id='page_1' title='image "./csuetonitranqui00trangoog_0312.png"; bbox 0 0 2334 3870; ppageno 0'>
   <div class='ocr_carea' id='block_1_1' title="bbox 490 147 1083 208">
    <p class='ocr_par' dir='ltr' id='par_1_1' title="bbox 490 147 1083 208">
     <span class='ocr_line' id='line_1_1' title="bbox 490 147 1083 208; baseline 0.002 -1"><span class='ocrx_word' id='word_1_1' title='bbox 490 159 666 207; x_wconf 78' lang='lat' dir='ltr'>oanan.</span> <span class='ocrx_word' id='word_1_2' title='bbox 1025 147 1083 208; x_wconf 80' lang='lat' dir='ltr'>aot</span> 
     </span>
    </p>
   </div>
   <div class='ocr_carea' id='block_1_2' title="bbox 59 312 1133 3496">
    <p class='ocr_par' dir='ltr' id='par_1_2' title="bbox 72 312 1088 898">
     <span class='ocr_line' id='line_1_2' title="bbox 95 312 1086 397; baseline -0.002 -20"><span class='ocrx_word' id='word_1_3' title='bbox 95 336 151 397; x_wconf 91' lang='lat' dir='ltr'>gur</span> <span class='ocrx_word' id='word_1_4' title='bbox 163 314 336 396; x_wconf 78' lang='lat' dir='ltr'>procuranti,</span> <span class='ocrx_word' id='word_1_5' title='bbox 347 332 411 374; x_wconf 93' lang='lat' dir='ltr'>cum</span> <span class='ocrx_word' id='word_1_6' title='bbox 423 322 491 374; x_wconf 85' lang='lat' dir='ltr'>exta</span> <span class='ocrx_word' id='word_1_7' title='bbox 502 312 538 373; x_wconf 90' lang='lat' dir='ltr'>de</span> <span class='ocrx_word' id='word_1_8' title='bbox 549 312 679 374; x_wconf 89' lang='lat' dir='ltr'>manibus</span> <span class='ocrx_word' id='word_1_9' title='bbox 691 313 787 392; x_wconf 90' lang='lat' dir='ltr'>aquila</span> <span class='ocrx_word' id='word_1_10' title='bbox 797 314 982 394; x_wconf 84' lang='lat' dir='ltr'>rapuisset-et</span> <span class='ocrx_word' id='word_1_11' title='bbox 993 314 1086 375; x_wconf 90' lang='lat' dir='ltr'>iniru·</span> 
     </span>
     <span class='ocr_line' id='line_1_3' title="bbox 96 396 1088 480; baseline -0.003 -20"><span class='ocrx_word' id='word_1_12' title='bbox 96 401 218 480; x_wconf 86' lang='lat' dir='ltr'>gileram</span> <span class='ocrx_word' id='word_1_13' title='bbox 235 415 372 478; x_wconf 90' lang='lat' dir='ltr'>quercum</span> <span class='ocrx_word' id='word_1_14' title='bbox 393 396 576 475; x_wconf 88' lang='lat' dir='ltr'>contulisset,</span> <span class='ocrx_word' id='word_1_15' title='bbox 597 415 772 475; x_wconf 87' lang='lat' dir='ltr'>responsum</span> <span class='ocrx_word' id='word_1_16' title='bbox 794 407 854 475; x_wconf 89' lang='lat' dir='ltr'>est,</span> <span class='ocrx_word' id='word_1_17' title='bbox 878 416 1013 458; x_wconf 91' lang='lat' dir='ltr'>summum</span> <span class='ocrx_word' id='word_1_18' title='bbox 1035 396 1088 459; x_wconf 84' lang='lat' dir='ltr'>sed</span> 
     </span>
     <span class='ocr_line' id='line_1_4' title="bbox 97 480 1087 562; baseline -0.004 -17"><span class='ocrx_word' id='word_1_19' title='bbox 97 503 191 545; x_wconf 90' lang='lat' dir='ltr'>serum</span> <span class='ocrx_word' id='word_1_20' title='bbox 201 483 352 562; x_wconf 88' lang='lat' dir='ltr'>imperium</span> <span class='ocrx_word' id='word_1_21' title='bbox 370 481 502 560; x_wconf 90' lang='lat' dir='ltr'>portendi</span> <span class='ocrx_word' id='word_1_22' title='bbox 519 481 660 552; x_wconf 84' lang='lat' dir='ltr'>familiae;</span> <span class='ocrx_word' id='word_1_23' title='bbox 683 491 712 541; x_wconf 89' lang='lat' dir='ltr'>et</span> <span class='ocrx_word' id='word_1_24' title='bbox 728 481 780 543; x_wconf 91' lang='lat' dir='ltr'>ille</span> <span class='ocrx_word' id='word_1_25' title='bbox 793 480 1027 558; x_wconf 81' lang='lat' dir='ltr'>irridensSoae,</span> <span class='ocrx_word' id='word_1_26' title='bbox 1045 483 1087 541; x_wconf 92' lang='lat' dir='ltr'>in·</span> 
     </span>
     <span class='ocr_line' id='line_1_5' title="bbox 97 564 1086 649; baseline -0.003 -20"><span class='ocrx_word' id='word_1_27' title='bbox 97 571 165 649; x_wconf 90' lang='lat' dir='ltr'>quit,</span> <span class='ocrx_word' id='word_1_28' title='bbox 178 586 246 630; x_wconf 83' lang='lat' dir='ltr'>cam</span> <span class='ocrx_word' id='word_1_29' title='bbox 255 565 516 644; x_wconf 79' lang='lat' dir='ltr'>malapcpererit.</span> <span class='ocrx_word' id='word_1_30' title='bbox 553 565 630 628; x_wconf 88' lang='lat' dir='ltr'>Nihil</span> <span class='ocrx_word' id='word_1_31' title='bbox 650 584 743 645; x_wconf 90' lang='lat' dir='ltr'>aeque</span> <span class='ocrx_word' id='word_1_32' title='bbox 761 575 864 645; x_wconf 87' lang='lat' dir='ltr'>postea</span> <span class='ocrx_word' id='word_1_33' title='bbox 877 564 996 628; x_wconf 78' lang='lat' dir='ltr'><strong>Galbam</strong></span> <span class='ocrx_word' id='word_1_34' title='bbox 1019 574 1086 626; x_wconf 91' lang='lat' dir='ltr'>tem·</span> 
     </span>
     <span class='ocr_line' id='line_1_6' title="bbox 72 649 1072 733; baseline -0.002 -24"><span class='ocrx_word' id='word_1_35' title='bbox 72 662 223 733; x_wconf 73' lang='lat' dir='ltr'>aptantem</span> <span class='ocrx_word' id='word_1_36' title='bbox 236 669 286 711; x_wconf 91' lang='lat' dir='ltr'>res</span> <span class='ocrx_word' id='word_1_37' title='bbox 300 667 392 711; x_wconf 87' lang='lat' dir='ltr'>novas</span> <span class='ocrx_word' id='word_1_38' title='bbox 406 649 584 710; x_wconf 86' lang='lat' dir='ltr'>confirmavit</span> <span class='ocrx_word' id='word_1_39' title='bbox 595 669 678 730; x_wconf 91' lang='lat' dir='ltr'>quam</span> <span class='ocrx_word' id='word_1_40' title='bbox 689 650 783 712; x_wconf 90' lang='lat' dir='ltr'>mulae</span> <span class='ocrx_word' id='word_1_41' title='bbox 796 660 906 731; x_wconf 87' lang='lat' dir='ltr'>partus,</span> <span class='ocrx_word' id='word_1_42' title='bbox 924 649 1072 729; x_wconf 90' lang='lat' dir='ltr'>ceterisqu</span> 
     </span>
     <span class='ocr_line' id='line_1_7' title="bbox 94 733 1078 816; baseline -0.005 -18"><span class='ocrx_word' id='word_1_43' title='bbox 94 746 125 798; x_wconf 93' lang='lat' dir='ltr'>ut</span> <span class='ocrx_word' id='word_1_44' title='bbox 137 738 296 797; x_wconf 90' lang='lat' dir='ltr'>obscenum</span> <span class='ocrx_word' id='word_1_45' title='bbox 309 742 452 794; x_wconf 89' lang='lat' dir='ltr'>ostentum</span> <span class='ocrx_word' id='word_1_46' title='bbox 465 733 698 811; x_wconf 74' lang='lat' dir='ltr'>abhorrentibus,</span> <span class='ocrx_word' id='word_1_47' title='bbox 712 735 792 796; x_wconf 90' lang='lat' dir='ltr'>solus</span> <span class='ocrx_word' id='word_1_48' title='bbox 803 754 856 816; x_wconf 94' lang='lat' dir='ltr'>pro</span> <span class='ocrx_word' id='word_1_49' title='bbox 869 734 1031 797; x_wconf 85' lang='lat' dir='ltr'>laetissimo</span> <span class='ocrx_word' id='word_1_50' title='bbox 1044 751 1078 799; x_wconf 80' lang='lat' dir='ltr'>ao</span> 
     </span>
     <span class='ocr_line' id='line_1_8' title="bbox 97 817 651 898; baseline -0.011 -17"><span class='ocrx_word' id='word_1_51' title='bbox 97 822 176 898; x_wconf 90' lang='lat' dir='ltr'>cepit</span> <span class='ocrx_word' id='word_1_52' title='bbox 186 835 297 878; x_wconf 91' lang='lat' dir='ltr'>memor</span> <span class='ocrx_word' id='word_1_53' title='bbox 310 819 444 879; x_wconf 86' lang='lat' dir='ltr'>sacrificii</span> <span class='ocrx_word' id='word_1_54' title='bbox 457 817 583 895; x_wconf 77' lang='lat' dir='ltr'>dictique</span> <span class='ocrx_word' id='word_1_55' title='bbox 595 820 651 878; x_wconf 83' lang='lat' dir='ltr'>avi.</span> 
     </span>
    </p>

    <p class='ocr_par' dir='ltr' id='par_1_3' title="bbox 96 901 1090 1066">
     <span class='ocr_line' id='line_1_9' title="bbox 164 901 1090 981; baseline -0.002 -19"><span class='ocrx_word' id='word_1_56' title='bbox 164 903 283 981; x_wconf 90' lang='lat' dir='ltr'>Sumpta</span> <span class='ocrx_word' id='word_1_57' title='bbox 294 901 369 962; x_wconf 93' lang='lat' dir='ltr'>virili</span> <span class='ocrx_word' id='word_1_58' title='bbox 381 911 461 980; x_wconf 85' lang='lat' dir='ltr'>toga,</span> <span class='ocrx_word' id='word_1_59' title='bbox 474 903 626 964; x_wconf 90' lang='lat' dir='ltr'>somniavit</span> <span class='ocrx_word' id='word_1_60' title='bbox 637 901 792 962; x_wconf 75' lang='lat' dir='ltr'>Fortunam</span> <span class='ocrx_word' id='word_1_61' title='bbox 804 903 955 980; x_wconf 88' lang='lat' dir='ltr'>dicentem,</span> <span class='ocrx_word' id='word_1_62' title='bbox 969 910 1046 963; x_wconf 87' lang='lat' dir='ltr'>stare</span> <span class='ocrx_word' id='word_1_63' title='bbox 1057 918 1090 960; x_wconf 87' lang='lat' dir='ltr'>so</span> 
     </span>
     <span class='ocr_line' id='line_1_10' title="bbox 96 984 1090 1066; baseline -0.005 -18"><span class='ocrx_word' id='word_1_64' title='bbox 96 997 162 1048; x_wconf 88' lang='lat' dir='ltr'>ante</span> <span class='ocrx_word' id='word_1_65' title='bbox 173 987 254 1047; x_wconf 87' lang='lat' dir='ltr'>iores</span> <span class='ocrx_word' id='word_1_66' title='bbox 266 984 419 1064; x_wconf 83' lang='lat' dir='ltr'>defessam,</span> <span class='ocrx_word' id='word_1_67' title='bbox 437 987 532 1047; x_wconf 89' lang='lat' dir='ltr'>etnisi</span> <span class='ocrx_word' id='word_1_68' title='bbox 544 988 625 1047; x_wconf 90' lang='lat' dir='ltr'>ocius</span> <span class='ocrx_word' id='word_1_69' title='bbox 636 988 833 1066; x_wconf 82' lang='lat' dir='ltr'>reciperetur,</span> <span class='ocrx_word' id='word_1_70' title='bbox 852 988 1021 1064; x_wconf 91' lang='lat' dir='ltr'>cuicumque</span> <span class='ocrx_word' id='word_1_71' title='bbox 1041 985 1090 1044; x_wconf 93' lang='lat' dir='ltr'>ob·</span> 
     </span>
    </p>

    <p class='ocr_par' dir='ltr' id='par_1_4' title="bbox 59 1069 1093 1481">
     <span class='ocr_line' id='line_1_11' title="bbox 59 1069 1091 1150; baseline -0.004 -19"><span class='ocrx_word' id='word_1_72' title='bbox 59 1084 85 1124; x_wconf 83' lang='lat'>10</span> <span class='ocrx_word' id='word_1_73' title='bbox 99 1073 144 1131; x_wconf 90' lang='lat' dir='ltr'>vio</span> <span class='ocrx_word' id='word_1_74' title='bbox 157 1069 284 1150; x_wconf 88' lang='lat' dir='ltr'>praedae</span> <span class='ocrx_word' id='word_1_75' title='bbox 297 1069 427 1131; x_wconf 79' lang='lat' dir='ltr'>futuram.</span> <span class='ocrx_word' id='word_1_76' title='bbox 462 1071 559 1150; x_wconf 87' lang='lat' dir='ltr'>thue</span> <span class='ocrx_word' id='word_1_77' title='bbox 576 1070 744 1148; x_wconf 81' lang='lat' dir='ltr'>evigilavit,</span> <span class='ocrx_word' id='word_1_78' title='bbox 762 1079 865 1150; x_wconf 89' lang='lat' dir='ltr'>aperto</span> <span class='ocrx_word' id='word_1_79' title='bbox 886 1071 959 1130; x_wconf 88' lang='lat' dir='ltr'>atrio</span> <span class='ocrx_word' id='word_1_80' title='bbox 979 1069 1091 1129; x_wconf 86' lang='lat' dir='ltr'>simula·</span> 
     </span>
     <span class='ocr_line' id='line_1_12' title="bbox 97 1152 1093 1232; baseline -0.005 -16"><span class='ocrx_word' id='word_1_81' title='bbox 97 1174 174 1216; x_wconf 91' lang='lat' dir='ltr'>crum</span> <span class='ocrx_word' id='word_1_82' title='bbox 192 1171 314 1221; x_wconf 87' lang='lat' dir='ltr'>aeneum</span> <span class='ocrx_word' id='word_1_83' title='bbox 332 1153 405 1215; x_wconf 88' lang='lat' dir='ltr'>deae</span> <span class='ocrx_word' id='word_1_84' title='bbox 423 1154 540 1216; x_wconf 85' lang='lat' dir='ltr'>cubitali</span> <span class='ocrx_word' id='word_1_85' title='bbox 555 1156 646 1216; x_wconf 89' lang='lat' dir='ltr'>maius</span> <span class='ocrx_word' id='word_1_86' title='bbox 664 1156 742 1215; x_wconf 83' lang='lat' dir='ltr'>iuxta</span> <span class='ocrx_word' id='word_1_87' title='bbox 760 1155 847 1216; x_wconf 89' lang='lat' dir='ltr'>limen</span> <span class='ocrx_word' id='word_1_88' title='bbox 865 1154 989 1230; x_wconf 86' lang='lat' dir='ltr'>invenit,</span> <span class='ocrx_word' id='word_1_89' title='bbox 1006 1152 1093 1232; x_wconf 88' lang='lat' dir='ltr'>idque</span> 
     </span>
     <span class='ocr_line' id='line_1_13' title="bbox 95 1235 1093 1318; baseline -0.004 -19"><span class='ocrx_word' id='word_1_90' title='bbox 95 1239 207 1318; x_wconf 88' lang='lat' dir='ltr'>gremio</span> <span class='ocrx_word' id='word_1_91' title='bbox 223 1256 276 1299; x_wconf 91' lang='lat' dir='ltr'>suo</span> <span class='ocrx_word' id='word_1_92' title='bbox 292 1238 462 1318; x_wconf 81' lang='lat' dir='ltr'>Tusculum,</span> <span class='ocrx_word' id='word_1_93' title='bbox 481 1238 530 1300; x_wconf 92' lang='lat' dir='ltr'>ubi</span> <span class='ocrx_word' id='word_1_94' title='bbox 552 1242 697 1300; x_wconf 86' lang='lat' dir='ltr'>aestivare</span> <span class='ocrx_word' id='word_1_95' title='bbox 718 1247 885 1318; x_wconf 89' lang='lat' dir='ltr'>consuerat,</span> <span class='ocrx_word' id='word_1_96' title='bbox 905 1239 1003 1299; x_wconf 78' lang='lat' dir='ltr'>avexit</span> <span class='ocrx_word' id='word_1_97' title='bbox 1021 1245 1050 1297; x_wconf 92' lang='lat' dir='ltr'>et</span> <span class='ocrx_word' id='word_1_98' title='bbox 1064 1235 1093 1296; x_wconf 92' lang='lat' dir='ltr'>in</span> 
     </span>
     <span class='ocr_line' id='line_1_14' title="bbox 97 1321 1092 1403; baseline -0.003 -20"><span class='ocrx_word' id='word_1_99' title='bbox 97 1332 180 1403; x_wconf 87' lang='lat' dir='ltr'>parte</span> <span class='ocrx_word' id='word_1_100' title='bbox 199 1321 312 1380; x_wconf 91' lang='lat' dir='ltr'>aedium</span> <span class='ocrx_word' id='word_1_101' title='bbox 332 1333 532 1382; x_wconf 88' lang='lat' dir='ltr'>consecratum</span> <span class='ocrx_word' id='word_1_102' title='bbox 550 1325 704 1383; x_wconf 86' lang='lat' dir='ltr'>menstruis</span> <span class='ocrx_word' id='word_1_103' title='bbox 722 1323 862 1403; x_wconf 86' lang='lat' dir='ltr'>deinceps</span> <span class='ocrx_word' id='word_1_104' title='bbox 875 1321 1092 1402; x_wconf 86' lang='lat' dir='ltr'>supplicationi·</span> 
     </span>
     <span class='ocr_line' id='line_1_15' title="bbox 97 1403 691 1481; baseline -0.005 -15"><span class='ocrx_word' id='word_1_105' title='bbox 97 1408 152 1466; x_wconf 90' lang='lat' dir='ltr'>bus</span> <span class='ocrx_word' id='word_1_106' title='bbox 167 1413 195 1463; x_wconf 96' lang='lat' dir='ltr'>et</span> <span class='ocrx_word' id='word_1_107' title='bbox 208 1403 364 1481; x_wconf 87' lang='lat' dir='ltr'>pervigilio</span> <span class='ocrx_word' id='word_1_108' title='bbox 381 1406 579 1464; x_wconf 88' lang='lat' dir='ltr'>anniversario</span> <span class='ocrx_word' id='word_1_109' title='bbox 593 1405 691 1468; x_wconf 90' lang='lat' dir='ltr'>coluit.</span> 
     </span>
    </p>

    <p class='ocr_par' dir='ltr' id='par_1_5' title="bbox 63 1485 1124 1903">
     <span class='ocr_line' id='line_1_16' title="bbox 63 1485 1093 1564; baseline -0.006 -15"><span class='ocrx_word' id='word_1_110' title='bbox 63 1510 89 1549; x_wconf 83' lang='lat'>15</span> <span class='ocrx_word' id='word_1_111' title='bbox 160 1488 337 1563; x_wconf 86' lang='lat' dir='ltr'>Quamquam</span> <span class='ocrx_word' id='word_1_112' title='bbox 349 1495 442 1547; x_wconf 89' lang='lat' dir='ltr'>autem</span> <span class='ocrx_word' id='word_1_113' title='bbox 457 1485 581 1546; x_wconf 87' lang='lat' dir='ltr'>noudum</span> <span class='ocrx_word' id='word_1_114' title='bbox 592 1494 687 1546; x_wconf 89' lang='lat' dir='ltr'>aetate</span> <span class='ocrx_word' id='word_1_115' title='bbox 702 1490 859 1564; x_wconf 86' lang='lat' dir='ltr'>constanti,</span> <span class='ocrx_word' id='word_1_116' title='bbox 878 1497 1008 1546; x_wconf 91' lang='lat' dir='ltr'>veterem</span> <span class='ocrx_word' id='word_1_117' title='bbox 1025 1485 1093 1543; x_wconf 92' lang='lat' dir='ltr'>civi·</span> 
     </span>
     <span class='ocr_line' id='line_1_17' title="bbox 100 1568 1094 1647; baseline -0.005 -17"><span class='ocrx_word' id='word_1_118' title='bbox 100 1575 166 1632; x_wconf 92' lang='lat' dir='ltr'>tatis</span> <span class='ocrx_word' id='word_1_119' title='bbox 185 1569 389 1647; x_wconf 84' lang='lat' dir='ltr'>exoletumque</span> <span class='ocrx_word' id='word_1_120' title='bbox 408 1586 518 1629; x_wconf 90' lang='lat' dir='ltr'>morem</span> <span class='ocrx_word' id='word_1_121' title='bbox 535 1588 569 1629; x_wconf 88' lang='lat' dir='ltr'>ac</span> <span class='ocrx_word' id='word_1_122' title='bbox 587 1578 693 1628; x_wconf 90' lang='lat' dir='ltr'>tantum</span> <span class='ocrx_word' id='word_1_123' title='bbox 712 1572 741 1628; x_wconf 92' lang='lat' dir='ltr'>in</span> <span class='ocrx_word' id='word_1_124' title='bbox 760 1568 844 1629; x_wconf 90' lang='lat' dir='ltr'>domo</span> <span class='ocrx_word' id='word_1_125' title='bbox 864 1588 914 1628; x_wconf 91' lang='lat' dir='ltr'>sua</span> <span class='ocrx_word' id='word_1_126' title='bbox 927 1569 1094 1628; x_wconf 90' lang='lat' dir='ltr'>haerentem</span> 
     </span>
     <span class='ocr_line' id='line_1_18' title="bbox 101 1652 1095 1732; baseline -0.005 -16"><span class='ocrx_word' id='word_1_127' title='bbox 101 1653 325 1716; x_wconf 86' lang='lat' dir='ltr'>obstinatissime</span> <span class='ocrx_word' id='word_1_128' title='bbox 336 1655 467 1731; x_wconf 90' lang='lat' dir='ltr'>retinuit,</span> <span class='ocrx_word' id='word_1_129' title='bbox 480 1662 510 1712; x_wconf 91' lang='lat' dir='ltr'>ut</span> <span class='ocrx_word' id='word_1_130' title='bbox 528 1652 623 1713; x_wconf 89' lang='lat' dir='ltr'>liberti</span> <span class='ocrx_word' id='word_1_131' title='bbox 640 1653 777 1732; x_wconf 88' lang='lat' dir='ltr'>servique</span> <span class='ocrx_word' id='word_1_132' title='bbox 797 1653 842 1712; x_wconf 90' lang='lat' dir='ltr'>his</span> <span class='ocrx_word' id='word_1_133' title='bbox 861 1653 907 1712; x_wconf 92' lang='lat' dir='ltr'>die</span> <span class='ocrx_word' id='word_1_134' title='bbox 924 1652 1095 1730; x_wconf 82' lang='lat' dir='ltr'>frequentes</span> 
     </span>
     <span class='ocr_line' id='line_1_19' title="bbox 101 1734 1093 1818; baseline -0.007 -18"><span class='ocrx_word' id='word_1_135' title='bbox 101 1739 237 1800; x_wconf 90' lang='lat' dir='ltr'>adessent</span> <span class='ocrx_word' id='word_1_136' title='bbox 249 1756 283 1798; x_wconf 86' lang='lat' dir='ltr'>ac</span> <span class='ocrx_word' id='word_1_137' title='bbox 294 1755 377 1798; x_wconf 91' lang='lat' dir='ltr'>mane</span> <span class='ocrx_word' id='word_1_138' title='bbox 390 1739 515 1816; x_wconf 89' lang='lat' dir='ltr'>salvere,</span> <span class='ocrx_word' id='word_1_139' title='bbox 527 1739 647 1818; x_wconf 89' lang='lat' dir='ltr'>vesperi</span> <span class='ocrx_word' id='word_1_140' title='bbox 658 1737 757 1800; x_wconf 90' lang='lat' dir='ltr'>valere</span> <span class='ocrx_word' id='word_1_141' title='bbox 769 1738 823 1798; x_wconf 88' lang='lat' dir='ltr'>sibi</span> <span class='ocrx_word' id='word_1_142' title='bbox 837 1736 942 1814; x_wconf 81' lang='lat' dir='ltr'>singuli</span> <span class='ocrx_word' id='word_1_143' title='bbox 954 1734 1093 1795; x_wconf 88' lang='lat' dir='ltr'>dicerent.</span> 
     </span>
     <span class='ocr_line' id='line_1_20' title="bbox 99 1818 1124 1903; baseline -0.008 -19"><span class='ocrx_word' id='word_1_144' title='bbox 99 1823 178 1885; x_wconf 92' lang='lat' dir='ltr'>luter</span> <span class='ocrx_word' id='word_1_145' title='bbox 194 1821 332 1883; x_wconf 91' lang='lat' dir='ltr'>liberales</span> <span class='ocrx_word' id='word_1_146' title='bbox 350 1822 517 1903; x_wconf 90' lang='lat' dir='ltr'>disciplinas</span> <span class='ocrx_word' id='word_1_147' title='bbox 536 1822 655 1883; x_wconf 87' lang='lat' dir='ltr'>attendit</span> <span class='ocrx_word' id='word_1_148' title='bbox 672 1832 701 1882; x_wconf 89' lang='lat' dir='ltr'>et</span> <span class='ocrx_word' id='word_1_149' title='bbox 717 1823 780 1882; x_wconf 91' lang='lat' dir='ltr'>iuri.</span> <span class='ocrx_word' id='word_1_150' title='bbox 813 1820 900 1882; x_wconf 89' lang='lat' dir='ltr'>Dedit</span> <span class='ocrx_word' id='word_1_151' title='bbox 913 1829 941 1879; x_wconf 93' lang='lat' dir='ltr'>et</span> <span class='ocrx_word' id='word_1_152' title='bbox 952 1818 1124 1879; x_wconf 77' lang='lat' dir='ltr'>matrinae-5</span> 
     </span>
    </p>

    <p class='ocr_par' dir='ltr' id='par_1_6' title="bbox 64 1906 1097 2320">
     <span class='ocr_line' id='line_1_21' title="bbox 64 1906 1097 1986; baseline -0.007 -18"><span class='ocrx_word' id='word_1_153' title='bbox 64 1910 149 1968; x_wconf 71' lang='lat' dir='ltr'>aonio</span> <span class='ocrx_word' id='word_1_154' title='bbox 168 1923 302 1985; x_wconf 80' lang='lat' dir='ltr'>operam3</span> <span class='ocrx_word' id='word_1_155' title='bbox 322 1925 436 1984; x_wconf 89' lang='lat' dir='ltr'>verum,</span> <span class='ocrx_word' id='word_1_156' title='bbox 458 1909 563 1968; x_wconf 90' lang='lat' dir='ltr'>amissa</span> <span class='ocrx_word' id='word_1_157' title='bbox 581 1926 675 1968; x_wconf 81' lang='lat' dir='ltr'>uxore</span> <span class='ocrx_word' id='word_1_158' title='bbox 690 1907 800 1986; x_wconf 90' lang='lat' dir='ltr'>Lepida</span> <span class='ocrx_word' id='word_1_159' title='bbox 816 1906 987 1983; x_wconf 91' lang='lat' dir='ltr'>duobusque</span> <span class='ocrx_word' id='word_1_160' title='bbox 1005 1922 1043 1962; x_wconf 85' lang='lat' dir='ltr'>en</span> <span class='ocrx_word' id='word_1_161' title='bbox 1062 1920 1097 1962; x_wconf 89' lang='lat' dir='ltr'>ea</span> 
     </span>
     <span class='ocr_line' id='line_1_22' title="bbox 101 1987 1096 2071; baseline -0.005 -20"><span class='ocrx_word' id='word_1_162' title='bbox 101 1992 181 2067; x_wconf 87' lang='lat' dir='ltr'>liliis,</span> <span class='ocrx_word' id='word_1_163' title='bbox 201 1990 337 2050; x_wconf 87' lang='lat' dir='ltr'>remansit</span> <span class='ocrx_word' id='word_1_164' title='bbox 353 1992 381 2049; x_wconf 93' lang='lat' dir='ltr'>in</span> <span class='ocrx_word' id='word_1_165' title='bbox 395 1991 552 2068; x_wconf 89' lang='lat' dir='ltr'>caelibatu,</span> <span class='ocrx_word' id='word_1_166' title='bbox 572 2009 666 2071; x_wconf 89' lang='lat' dir='ltr'>neque</span> <span class='ocrx_word' id='word_1_167' title='bbox 686 1991 836 2052; x_wconf 89' lang='lat' dir='ltr'>sollicitari</span> <span class='ocrx_word' id='word_1_168' title='bbox 855 1989 913 2051; x_wconf 90' lang='lat' dir='ltr'>ulla</span> <span class='ocrx_word' id='word_1_169' title='bbox 927 1987 1096 2049; x_wconf 88' lang='lat' dir='ltr'>condicione</span> 
     </span>
     <span class='ocr_line' id='line_1_23' title="bbox 102 2072 1096 2155; baseline -0.005 -19"><span class='ocrx_word' id='word_1_170' title='bbox 102 2074 224 2155; x_wconf 89' lang='lat' dir='ltr'>amplius</span> <span class='ocrx_word' id='word_1_171' title='bbox 238 2074 339 2151; x_wconf 93' lang='lat' dir='ltr'>potuit,</span> <span class='ocrx_word' id='word_1_172' title='bbox 352 2092 388 2133; x_wconf 91' lang='lat' dir='ltr'>ne</span> <span class='ocrx_word' id='word_1_173' title='bbox 403 2075 585 2154; x_wconf 79' lang='lat' dir='ltr'>Agrippinae</span> <span class='ocrx_word' id='word_1_174' title='bbox 605 2072 734 2154; x_wconf 86' lang='lat' dir='ltr'>quidem,</span> <span class='ocrx_word' id='word_1_175' title='bbox 748 2075 880 2136; x_wconf 88' lang='lat' dir='ltr'>viduatae</span> <span class='ocrx_word' id='word_1_176' title='bbox 895 2082 987 2134; x_wconf 89' lang='lat' dir='ltr'>morte</span> <span class='ocrx_word' id='word_1_177' title='bbox 998 2072 1096 2132; x_wconf 89' lang='lat' dir='ltr'>Domi·</span> 
     </span>
     <span class='ocr_line' id='line_1_24' title="bbox 101 2155 1097 2238; baseline -0.003 -19"><span class='ocrx_word' id='word_1_178' title='bbox 101 2159 148 2235; x_wconf 89' lang='lat' dir='ltr'>tii,</span> <span class='ocrx_word' id='word_1_179' title='bbox 172 2174 246 2236; x_wconf 91' lang='lat' dir='ltr'>quae</span> <span class='ocrx_word' id='word_1_180' title='bbox 270 2158 400 2218; x_wconf 90' lang='lat' dir='ltr'>maritum</span> <span class='ocrx_word' id='word_1_181' title='bbox 420 2176 536 2238; x_wconf 91' lang='lat' dir='ltr'>quoque</span> <span class='ocrx_word' id='word_1_182' title='bbox 559 2158 650 2218; x_wconf 90' lang='lat' dir='ltr'>adhuc</span> <span class='ocrx_word' id='word_1_183' title='bbox 669 2158 793 2221; x_wconf 83' lang='lat' dir='ltr'>necdrnn</span> <span class='ocrx_word' id='word_1_184' title='bbox 816 2159 957 2220; x_wconf 88' lang='lat' dir='ltr'>caelibem</span> <span class='ocrx_word' id='word_1_185' title='bbox 979 2155 1097 2218; x_wconf 78' lang='lat' dir='ltr'>Galbam</span> 
     </span>
     <span class='ocr_line' id='line_1_25' title="bbox 103 2241 1097 2320; baseline -0.004 -17"><span class='ocrx_word' id='word_1_186' title='bbox 103 2241 177 2303; x_wconf 88' lang='lat' dir='ltr'>adeo</span> <span class='ocrx_word' id='word_1_187' title='bbox 198 2241 329 2302; x_wconf 90' lang='lat' dir='ltr'>omuibus</span> <span class='ocrx_word' id='word_1_188' title='bbox 347 2241 555 2303; x_wconf 87' lang='lat' dir='ltr'>sollicitaverat</span> <span class='ocrx_word' id='word_1_189' title='bbox 569 2241 677 2320; x_wconf 92' lang='lat' dir='ltr'>modis,</span> <span class='ocrx_word' id='word_1_190' title='bbox 696 2253 725 2303; x_wconf 93' lang='lat' dir='ltr'>ut</span> <span class='ocrx_word' id='word_1_191' title='bbox 743 2247 771 2303; x_wconf 88' lang='lat' dir='ltr'>iu</span> <span class='ocrx_word' id='word_1_192' title='bbox 795 2252 939 2305; x_wconf 90' lang='lat' dir='ltr'>conventu</span> <span class='ocrx_word' id='word_1_193' title='bbox 956 2249 1097 2303; x_wconf 89' lang='lat' dir='ltr'>matrona·</span> 
     </span>
    </p>

    <p class='ocr_par' dir='ltr' id='par_1_7' title="bbox 67 2327 1098 2488">
     <span class='ocr_line' id='line_1_26' title="bbox 67 2327 1098 2470; baseline -0.002 -86"><span class='ocrx_word' id='word_1_194' title='bbox 67 2345 166 2470; x_wconf 63' lang='lat' dir='ltr'>aequm</span> <span class='ocrx_word' id='word_1_195' title='bbox 185 2334 321 2404; x_wconf 85' lang='lat' dir='ltr'>correpta</span> <span class='ocrx_word' id='word_1_196' title='bbox 345 2327 439 2404; x_wconf 89' lang='lat' dir='ltr'>iurgio</span> <span class='ocrx_word' id='word_1_197' title='bbox 456 2334 542 2407; x_wconf 90' lang='lat' dir='ltr'>atque</span> <span class='ocrx_word' id='word_1_198' title='bbox 564 2327 649 2388; x_wconf 90' lang='lat' dir='ltr'>etiarn</span> <span class='ocrx_word' id='word_1_199' title='bbox 673 2346 757 2388; x_wconf 88' lang='lat' dir='ltr'>mauu</span> <span class='ocrx_word' id='word_1_200' title='bbox 780 2327 893 2408; x_wconf 88' lang='lat' dir='ltr'>pulsata</span> <span class='ocrx_word' id='word_1_201' title='bbox 912 2328 984 2387; x_wconf 88' lang='lat' dir='ltr'>sita</span> <span class='ocrx_word' id='word_1_202' title='bbox 1007 2331 1098 2385; x_wconf 84' lang='lat' dir='ltr'>matre</span> 
     </span>
     <span class='ocr_line' id='line_1_27' title="bbox 128 2409 240 2488; baseline -0.027 -18"><span class='ocrx_word' id='word_1_203' title='bbox 128 2409 240 2488; x_wconf 90' lang='lat' dir='ltr'>epidae.</span> 
     </span>
    </p>

    <p class='ocr_par' dir='ltr' id='par_1_8' title="bbox 106 2491 1100 2745">
     <span class='ocr_line' id='line_1_28' title="bbox 170 2491 1100 2574; baseline 0 -23"><span class='ocrx_word' id='word_1_204' title='bbox 170 2491 343 2552; x_wconf 81' lang='lat' dir='ltr'>Obseruauit</span> <span class='ocrx_word' id='word_1_205' title='bbox 357 2502 422 2556; x_wconf 90' lang='lat' dir='ltr'>ante</span> <span class='ocrx_word' id='word_1_206' title='bbox 438 2496 529 2556; x_wconf 90' lang='lat' dir='ltr'>omnis</span> <span class='ocrx_word' id='word_1_207' title='bbox 546 2495 655 2557; x_wconf 88' lang='lat' dir='ltr'>Liviam</span> <span class='ocrx_word' id='word_1_208' title='bbox 671 2496 849 2574; x_wconf 79' lang='lat' dir='ltr'>Augustam,</span> <span class='ocrx_word' id='word_1_209' title='bbox 869 2496 948 2555; x_wconf 88' lang='lat' dir='ltr'>ouius</span> <span class='ocrx_word' id='word_1_210' title='bbox 967 2502 996 2553; x_wconf 90' lang='lat' dir='ltr'>et</span> <span class='ocrx_word' id='word_1_211' title='bbox 1015 2491 1100 2553; x_wconf 91' lang='lat' dir='ltr'>vivae</span> 
     </span>
     <span class='ocr_line' id='line_1_29' title="bbox 106 2576 1100 2659; baseline -0.002 -21"><span class='ocrx_word' id='word_1_212' title='bbox 106 2577 199 2656; x_wconf 89' lang='lat' dir='ltr'>gratia</span> <span class='ocrx_word' id='word_1_213' title='bbox 218 2576 368 2654; x_wconf 87' lang='lat' dir='ltr'>plurimum</span> <span class='ocrx_word' id='word_1_214' title='bbox 386 2578 475 2639; x_wconf 91' lang='lat' dir='ltr'>valuit</span> <span class='ocrx_word' id='word_1_215' title='bbox 493 2589 522 2640; x_wconf 92' lang='lat' dir='ltr'>et</span> <span class='ocrx_word' id='word_1_216' title='bbox 542 2589 672 2642; x_wconf 90' lang='lat' dir='ltr'>mortuae</span> <span class='ocrx_word' id='word_1_217' title='bbox 690 2589 861 2642; x_wconf 90' lang='lat' dir='ltr'>testamento</span> <span class='ocrx_word' id='word_1_218' title='bbox 881 2597 974 2659; x_wconf 88' lang='lat' dir='ltr'>paene</span> <span class='ocrx_word' id='word_1_219' title='bbox 996 2576 1100 2638; x_wconf 88' lang='lat' dir='ltr'>ditatus</span> 
     </span>
     <span class='ocr_line' id='line_1_30' title="bbox 107 2661 1099 2745; baseline -0.003 -22"><span class='ocrx_word' id='word_1_220' title='bbox 107 2670 165 2731; x_wconf 92' lang='lat' dir='ltr'>est;</span> <span class='ocrx_word' id='word_1_221' title='bbox 179 2662 342 2721; x_wconf 90' lang='lat' dir='ltr'>sestertium</span> <span class='ocrx_word' id='word_1_222' title='bbox 354 2681 478 2743; x_wconf 89' lang='lat' dir='ltr'>namque</span> <span class='ocrx_word' id='word_1_223' title='bbox 494 2666 677 2743; x_wconf 85' lang='lat' dir='ltr'>quingenties</span> <span class='ocrx_word' id='word_1_224' title='bbox 691 2684 754 2725; x_wconf 90' lang='lat' dir='ltr'>cum</span> <span class='ocrx_word' id='word_1_225' title='bbox 766 2667 955 2745; x_wconf 90' lang='lat' dir='ltr'>praecipuum</span> <span class='ocrx_word' id='word_1_226' title='bbox 968 2665 1042 2723; x_wconf 91' lang='lat' dir='ltr'>inter</span> <span class='ocrx_word' id='word_1_227' title='bbox 1057 2661 1099 2723; x_wconf 93' lang='lat' dir='ltr'>le·</span> 
     </span>
    </p>

    <p class='ocr_par' dir='ltr' id='par_1_9' title="bbox 69 2744 1101 2991">
     <span class='ocr_line' id='line_1_31' title="bbox 69 2744 1100 2830; baseline 0.003 -27"><span class='ocrx_word' id='word_1_228' title='bbox 69 2761 96 2803; x_wconf 85' lang='lat' dir='ltr'>ao</span> <span class='ocrx_word' id='word_1_229' title='bbox 106 2746 234 2825; x_wconf 84' lang='lat' dir='ltr'>gatarios</span> <span class='ocrx_word' id='word_1_230' title='bbox 245 2745 402 2825; x_wconf 89' lang='lat' dir='ltr'>habuisset,</span> <span class='ocrx_word' id='word_1_231' title='bbox 416 2749 483 2827; x_wconf 90' lang='lat' dir='ltr'>quia</span> <span class='ocrx_word' id='word_1_232' title='bbox 494 2759 591 2810; x_wconf 86' lang='lat' dir='ltr'>notata</span> <span class='ocrx_word' id='word_1_233' title='bbox 601 2768 660 2810; x_wconf 91' lang='lat' dir='ltr'>non</span> <span class='ocrx_word' id='word_1_234' title='bbox 672 2752 836 2830; x_wconf 87' lang='lat' dir='ltr'>perscripta</span> <span class='ocrx_word' id='word_1_235' title='bbox 849 2757 910 2809; x_wconf 89' lang='lat' dir='ltr'>erat</span> <span class='ocrx_word' id='word_1_236' title='bbox 919 2765 1037 2822; x_wconf 87' lang='lat' dir='ltr'>summa,</span> <span class='ocrx_word' id='word_1_237' title='bbox 1049 2744 1100 2807; x_wconf 90' lang='lat' dir='ltr'>he·</span> 
     </span>
     <span class='ocr_line' id='line_1_32' title="bbox 106 2828 1101 2913; baseline -0.004 -21"><span class='ocrx_word' id='word_1_238' title='bbox 106 2829 177 2892; x_wconf 92' lang='lat' dir='ltr'>rede</span> <span class='ocrx_word' id='word_1_239' title='bbox 190 2828 307 2890; x_wconf 88' lang='lat' dir='ltr'>Tiberio</span> <span class='ocrx_word' id='word_1_240' title='bbox 319 2831 445 2909; x_wconf 85' lang='lat' dir='ltr'>legatum</span> <span class='ocrx_word' id='word_1_241' title='bbox 457 2830 493 2892; x_wconf 88' lang='lat' dir='ltr'>ad</span> <span class='ocrx_word' id='word_1_242' title='bbox 505 2834 662 2913; x_wconf 79' lang='lat' dir='ltr'>quingenta</span> <span class='ocrx_word' id='word_1_243' title='bbox 674 2843 844 2910; x_wconf 90' lang='lat' dir='ltr'>revocante,</span> <span class='ocrx_word' id='word_1_244' title='bbox 856 2852 893 2893; x_wconf 91' lang='lat' dir='ltr'>ne</span> <span class='ocrx_word' id='word_1_245' title='bbox 904 2831 978 2892; x_wconf 86' lang='lat' dir='ltr'>haec</span> <span class='ocrx_word' id='word_1_246' title='bbox 986 2829 1101 2909; x_wconf 91' lang='lat' dir='ltr'>quidem</span> 
     </span>
     <span class='ocr_line' id='line_1_33' title="bbox 107 2914 231 2991; baseline -0.032 -17"><span class='ocrx_word' id='word_1_247' title='bbox 107 2914 231 2991; x_wconf 85' lang='lat' dir='ltr'>accepit.</span> 
     </span>
    </p>

    <p class='ocr_par' dir='ltr' id='par_1_10' title="bbox 109 2996 1133 3165">
     <span class='ocr_line' id='line_1_34' title="bbox 170 2996 1133 3080; baseline 0.004 -24"><span class='ocrx_word' id='word_1_248' title='bbox 170 2996 336 3057; x_wconf 90' lang='lat' dir='ltr'>Honoribus</span> <span class='ocrx_word' id='word_1_249' title='bbox 361 3007 427 3058; x_wconf 90' lang='lat' dir='ltr'>ante</span> <span class='ocrx_word' id='word_1_250' title='bbox 449 3000 607 3077; x_wconf 91' lang='lat' dir='ltr'>legitimum</span> <span class='ocrx_word' id='word_1_251' title='bbox 630 3011 743 3080; x_wconf 88' lang='lat' dir='ltr'>tempus</span> <span class='ocrx_word' id='word_1_252' title='bbox 770 3002 862 3078; x_wconf 91' lang='lat' dir='ltr'>initis,</span> <span class='ocrx_word' id='word_1_253' title='bbox 883 3009 1001 3080; x_wconf 89' lang='lat' dir='ltr'>praetor</span> <span class='ocrx_word' id='word_1_254' title='bbox 1025 3009 1133 3065; x_wconf 82' lang='lat' dir='ltr'>com-tt</span> 
     </span>
     <span class='ocr_line' id='line_1_35' title="bbox 109 3079 1101 3165; baseline 0 -24"><span class='ocrx_word' id='word_1_255' title='bbox 109 3082 246 3141; x_wconf 90' lang='lat' dir='ltr'>missione</span> <span class='ocrx_word' id='word_1_256' title='bbox 263 3079 394 3142; x_wconf 92' lang='lat' dir='ltr'>ludorum</span> <span class='ocrx_word' id='word_1_257' title='bbox 410 3082 568 3145; x_wconf 79' lang='lat' dir='ltr'>Floralium</span> <span class='ocrx_word' id='word_1_258' title='bbox 591 3103 697 3146; x_wconf 91' lang='lat' dir='ltr'>novum</span> <span class='ocrx_word' id='word_1_259' title='bbox 724 3086 885 3165; x_wconf 88' lang='lat' dir='ltr'>spectaculi</span> <span class='ocrx_word' id='word_1_260' title='bbox 903 3102 1014 3163; x_wconf 89' lang='lat' dir='ltr'>genus,</span> <span class='ocrx_word' id='word_1_261' title='bbox 1042 3082 1101 3144; x_wconf 84' lang='lat' dir='ltr'>ele·</span> 
     </span>
    </p>

    <p class='ocr_par' dir='ltr' id='par_1_11' title="bbox 71 3164 1102 3496">
     <span class='ocr_line' id='line_1_36' title="bbox 71 3164 1102 3249; baseline 0 -23"><span class='ocrx_word' id='word_1_262' title='bbox 71 3184 100 3226; x_wconf 80' lang='lat' dir='ltr'>aa</span> <span class='ocrx_word' id='word_1_263' title='bbox 109 3164 232 3245; x_wconf 87' lang='lat' dir='ltr'>phantos</span> <span class='ocrx_word' id='word_1_264' title='bbox 245 3165 444 3246; x_wconf 80' lang='lat' dir='ltr'>funambulos,</span> <span class='ocrx_word' id='word_1_265' title='bbox 457 3166 557 3239; x_wconf 89' lang='lat' dir='ltr'>edidit;</span> <span class='ocrx_word' id='word_1_266' title='bbox 578 3170 644 3229; x_wconf 84' lang='lat' dir='ltr'>exin</span> <span class='ocrx_word' id='word_1_267' title='bbox 657 3171 826 3249; x_wconf 90' lang='lat' dir='ltr'>provinciae</span> <span class='ocrx_word' id='word_1_268' title='bbox 840 3170 1012 3248; x_wconf 80' lang='lat' dir='ltr'>Aquitaniae</span> <span class='ocrx_word' id='word_1_269' title='bbox 1028 3182 1102 3228; x_wconf 88' lang='lat' dir='ltr'>anno</span> 
     </span>
     <span class='ocr_line' id='line_1_37' title="bbox 118 3250 1098 3333; baseline -0.001 -22"><span class='ocrx_word' id='word_1_270' title='bbox 118 3250 172 3311; x_wconf 71' lang='lat' dir='ltr'>&#39;ere</span> <span class='ocrx_word' id='word_1_271' title='bbox 191 3250 332 3328; x_wconf 83' lang='lat' dir='ltr'>praefuit;</span> <span class='ocrx_word' id='word_1_272' title='bbox 356 3269 425 3311; x_wconf 81' lang='lat' dir='ltr'>mox</span> <span class='ocrx_word' id='word_1_273' title='bbox 449 3253 627 3314; x_wconf 90' lang='lat' dir='ltr'>consulatum</span> <span class='ocrx_word' id='word_1_274' title='bbox 650 3272 703 3333; x_wconf 88' lang='lat' dir='ltr'>per</span> <span class='ocrx_word' id='word_1_275' title='bbox 723 3272 776 3315; x_wconf 90' lang='lat' dir='ltr'>sex</span> <span class='ocrx_word' id='word_1_276' title='bbox 798 3272 914 3314; x_wconf 89' lang='lat' dir='ltr'>menses</span> <span class='ocrx_word' id='word_1_277' title='bbox 932 3252 1098 3313; x_wconf 82' lang='lat' dir='ltr'>ordinarium</span> 
     </span>
     <span class='ocr_line' id='line_1_38' title="bbox 111 3336 1098 3418; baseline -0.001 -23"><span class='ocrx_word' id='word_1_278' title='bbox 111 3336 213 3415; x_wconf 67' lang='lat' dir='ltr'>gessit,</span> <span class='ocrx_word' id='word_1_279' title='bbox 227 3336 381 3414; x_wconf 88' lang='lat' dir='ltr'>evenitque</span> <span class='ocrx_word' id='word_1_280' title='bbox 394 3345 423 3396; x_wconf 93' lang='lat' dir='ltr'>ut</span> <span class='ocrx_word' id='word_1_281' title='bbox 435 3336 464 3395; x_wconf 94' lang='lat' dir='ltr'>iu</span> <span class='ocrx_word' id='word_1_282' title='bbox 476 3354 512 3397; x_wconf 94' lang='lat' dir='ltr'>eo</span> <span class='ocrx_word' id='word_1_283' title='bbox 532 3337 596 3416; x_wconf 89' lang='lat' dir='ltr'>ipse</span> <span class='ocrx_word' id='word_1_284' title='bbox 606 3338 637 3399; x_wconf 85' lang='lat' dir='ltr'>h.</span> <span class='ocrx_word' id='word_1_285' title='bbox 649 3337 775 3399; x_wconf 89' lang='lat' dir='ltr'>Domitio</span> <span class='ocrx_word' id='word_1_286' title='bbox 794 3341 867 3418; x_wconf 88' lang='lat' dir='ltr'>patri</span> <span class='ocrx_word' id='word_1_287' title='bbox 883 3336 1027 3415; x_wconf 88' lang='lat' dir='ltr'>Neronis,</span> <span class='ocrx_word' id='word_1_288' title='bbox 1047 3336 1098 3416; x_wconf 78' lang='lat' dir='ltr'>ips:</span> 
     </span>
     <span class='ocr_line' id='line_1_39' title="bbox 116 3416 1090 3496; baseline 0.003 -18"><span class='ocrx_word' id='word_1_289' title='bbox 116 3417 225 3478; x_wconf 76' lang='lat' dir='ltr'>iaivius</span> <span class='ocrx_word' id='word_1_290' title='bbox 237 3416 312 3476; x_wconf 85' lang='lat' dir='ltr'>Otho</span> <span class='ocrx_word' id='word_1_291' title='bbox 324 3429 408 3496; x_wconf 80' lang='lat' dir='ltr'>parer</span> <span class='ocrx_word' id='word_1_292' title='bbox 427 3419 547 3482; x_wconf 82' lang='lat' dir='ltr'>Othonis</span> <span class='ocrx_word' id='word_1_293' title='bbox 567 3422 748 3485; x_wconf 69' lang='lat' dir='ltr'>succederet.</span> <span class='ocrx_word' id='word_1_294' title='bbox 761 3422 841 3483; x_wconf 74' lang='lat' dir='ltr'>velut</span> <span class='ocrx_word' id='word_1_295' title='bbox 861 3422 1047 3496; x_wconf 86' lang='lat' dir='ltr'>praesagium</span> <span class='ocrx_word' id='word_1_296' title='bbox 1063 3421 1090 3481; x_wconf 71' lang='lat' dir='ltr'>ir.</span> 
     </span>
    </p>
   </div>
   <div class='ocr_carea' id='block_1_3' title="bbox 0 0 1195 3870">
    <p class='ocr_par' dir='ltr' id='par_1_12' title="bbox 0 0 1195 3870">
     <span class='ocr_line' id='line_1_40' title="bbox 0 0 1195 3870; baseline 0 0"><span class='ocrx_word' id='word_1_297' title='bbox 0 0 1195 3870; x_wconf 95' lang='lat' dir='ltr'> </span> 
     </span>
    </p>
   </div>
  </div>
 </body>
</html>
