2286 3862
97 164 157 227 134
202 176 231 224 c.
247 173 397 223 snaronr
413 172 539 232 nanno.
555 172 699 222 ¹savrra
714 170 1084 229 consonantem.

96 334 161 394 dem
180 332 321 392 tactorum
347 330 545 409 dictorumque
567 328 687 390 saevitia
711 328 823 391 aderat.
873 338 877 391 t
917 348 987 413 „epe
1010 335 1042 395 in
1060 352 1114 399 cor·

95 426 199 498 spectu
229 415 396 494 prandentis
422 415 470 475 vel
498 415 678 473 comissantis
711 414 809 475 seriae
837 419 1112 500 quaestionesque

96 510 237 564 tormenta
252 499 446 576 habebantur,
467 498 550 558 miles
567 496 731 559 decollandi
747 498 861 559 artilex
886 500 1109 586 quibuscunque

96 607 113 648 e
137 585 267 647 custodia
291 587 385 662 capita
412 582 586 661 amputabat.
629 581 758 643 Puteolis
781 582 1007 647 dedicatione·
1021 590 1100 671 putta,

96 690 180 752 quem
196 671 393 747 excogitatam
409 668 444 728 ab
461 686 496 727 eo
513 667 753 745 significavimus,
783 685 852 728 cnm
868 670 1111 735 mutrossbuet
1142 695 1143 754 g

94 758 248 817 invitasset
281 753 315 813 ad
347 770 395 830 se,
432 760 555 832 repente
586 752 678 813 omnis
706 754 947 834 praecipitavit,
991 756 1098 839 quota

94 837 294 918 gubernacula
328 837 584 917 apprehendentes
615 838 708 897 contis
740 838 900 917 remisque
937 840 1104 903 detrusitia

93 942 183 985 mare.
226 923 338 984 Romae
366 922 484 1001 publico
513 920 600 1000 epulo
629 939 745 981 servum
773 921 812 983 ob
835 922 1020 989 detractam
1042 924 1104 987 letis

93 1017 263 1086 argenteam
285 1008 417 1068 laminam
440 1008 569 1067 carnilici
592 1006 745 1066 confestim
769 1005 911 1087 tradidit,
937 1018 977 1071 nt
997 1009 1106 1073 mariba

94 1093 218 1155 abscisis
235 1102 322 1170 atque
341 1100 407 1151 ante
423 1100 526 1170 pectus
542 1108 559 1149 e
576 1089 655 1149 collo
672 1089 893 1172 pendentibus,
916 1094 1119 1175 praecedentel

94 1176 177 1237 titulo
201 1178 248 1253 qui
272 1192 387 1236 causam
408 1192 521 1254 poenae
540 1174 696 1253 indicaret,
723 1194 777 1255 per
801 1185 914 1239 coetus
941 1180 1105 1261 epulantia

95 1258 368 1321 circumduceretur.
406 1259 616 1321 lilarmillonem
637 1259 758 1337 eludo,
785 1260 913 1323 rudibus
936 1282 1047 1327 secum
1063 1264 1104 1325 bat

93 1352 221 1404 tuentem
237 1353 267 1403 et
283 1353 388 1422 sponte
406 1354 596 1424 prostratum,
630 1344 760 1405 confodit
775 1344 879 1407 ferrea
899 1349 973 1410 sica
993 1368 1031 1411 ao
1043 1364 1105 1410 mort

92 1431 235 1490 uictorum
251 1447 314 1489 cum
331 1429 426 1508 palma
448 1430 628 1491 discucurrit.
673 1428 797 1491 Admota
818 1429 977 1495 altaribus
997 1436 1105 1507 victine

93 1516 258 1575 succinctus
271 1532 413 1593 poparum
426 1514 524 1576 habitu
538 1515 614 1575 elato
628 1514 686 1576 alte
698 1513 806 1576 malleo
818 1515 1006 1581 cultrarium
1017 1526 1118 1581 anach!

92 1600 142 1657 vit.
176 1598 308 1660 Lautiore
325 1602 459 1660 convivio
482 1600 589 1660 effusus
607 1600 700 1659 subito
723 1603 751 1659 in
774 1598 963 1681 cachinnos,
997 1602 1106 1665 conmli

92 1682 162 1760 bus,
195 1685 243 1762 qui
258 1686 337 1743 iuxta
361 1684 519 1760 cubabant,
549 1683 682 1761 quidnam
697 1683 807 1744 rideret
828 1683 948 1749 blande
976 1704 1106 1769 quaeror

91 1765 285 1841 uibrabant,
308 1768 413 1846 inquit,
439 1767 501 1826 nisi
517 1785 578 1827 utro
600 1786 667 1830 meo
688 1775 764 1829 autc
780 1767 931 1849 iugulari
954 1780 1108 1854 utrum

49 1858 224 1916 canestrum
244 1850 349 1910 statim
367 1853 486 1928 posce?
516 1850 595 1911 luter
616 1854 714 1913 varios
740 1854 841 1929 iocos,
877 1871 950 1917 cum
979 1858 1108 1920 assistent

91 1934 246 1995 simulacro
275 1932 355 1993 lovis
381 1934 508 2014 Apellen
537 1936 708 2014 tragoedum
743 1936 950 2000 consuluisset
986 1938 1108 2005 uterili
1142 1967 1143 1970 ¹

90 2020 181 2078 maior
204 2016 368 2096 videretur,
402 2029 584 2081 cunctantem
607 2021 733 2100 flagellis
762 2020 897 2101 discidit,
932 2024 1108 2089 conlaudant
1140 2057 1143 2066 ³

91 2100 212 2162 subinde
233 2120 338 2162 vocem
356 2104 543 2184 deprecantis
565 2110 647 2185 quasi
673 2108 758 2167 etiam
782 2108 812 2165 in
836 2108 958 2185 gemitu
984 2108 1108 2192 praedsl

92 2205 164 2247 cem.
209 2189 351 2263 Quotiens
372 2191 471 2251 uxoris
493 2190 541 2250 vel
568 2193 707 2252 amiculae
735 2189 842 2251 collum
870 2195 1108 2271 exoscularetur,

90 2272 227 2334 addebat:
265 2270 340 2334 Tum
369 2273 453 2358 douc
484 2276 592 2336 omnic
620 2276 713 2337 mmai
742 2292 782 2335 cc
808 2275 941 2340 irascere
965 2278 1107 2344 domm.

91 2359 164 2433 Quin
181 2367 210 2418 et
231 2359 352 2419 subinde
374 2360 516 2438 iactabat,
547 2361 772 2441 acquisiturum
787 2378 822 2421 aa
840 2361 895 2424 vel
910 2361 1067 2441 fidiculis
1081 2362 1121 2425 dt!

91 2441 248 2505 Caesonio
263 2461 339 2520 suc,
371 2464 428 2505 cur
443 2462 511 2506 com
527 2452 612 2507 tauto
630 2464 725 2525 opere
740 2444 894 2525 diligeret.

47 2535 81 2591 34
150 2527 177 2587 N
180 2546 214 2588 ec
230 2531 341 2588 minore
357 2528 453 2589 livore
469 2549 503 2590 ac
518 2530 698 2608 malignitate
715 2547 798 2609 quam
816 2530 966 2609 superbia
981 2536 1108 2597 saedtia

89 2630 144 2691 que
167 2631 262 2691 paene
286 2612 426 2675 adversus
449 2617 541 2676 omnis
567 2616 632 2674 aevi
659 2615 804 2676 hominnm
830 2631 929 2693 genus
960 2627 1109 2699 grassata

89 2705 143 2757 est.
189 2697 304 2759 Statuas
322 2700 448 2758 virorum
468 2700 645 2777 inlustrium,
676 2701 712 2760 ab
727 2699 862 2777 Augusto
881 2718 923 2762 ex
940 2701 1109 2787 Capitolina

88 2798 157 2840 area
181 2791 304 2860 propter
333 2785 481 2860 angustias
508 2785 536 2844 in
564 2802 695 2863 campum
720 2785 852 2846 llartium
881 2786 1048 2866 conlatas,
1078 2788 1123 2848 ital

88 2863 230 2923 snbvertit
246 2876 332 2945 atque
349 2868 463 2929 disiecit
482 2878 512 2928 ut
527 2870 640 2929 restitui
656 2870 745 2930 salvis
760 2867 849 2929 titulis
867 2886 930 2931 non
949 2874 1109 2953 potueriat

5 2992 8 2997 .
87 2948 236 3025 uetuitque
264 2952 389 3029 posthac
415 2955 571 3016 viventium
601 2955 732 3034 cuiquam
762 2970 883 3033 usquam
908 2963 1046 3020 statuam
1072 2962 1110 3018 art
1142 3005 1143 3014 ,

86 3033 242 3110 imaginem
257 3036 310 3095 nisi
327 3038 461 3099 consulto
486 3048 515 3099 et
530 3048 652 3100 auctore
670 3058 703 3100 se
724 3039 803 3118 poni.
849 3034 1013 3117 Cogitavit
1031 3042 1109 3105 eum

87 3117 123 3177 de
139 3116 258 3177 Homeri
275 3121 448 3182 carminibus
465 3124 633 3203 abolendis,
667 3142 723 3185 cur
737 3122 816 3185 cuim
827 3120 893 3183 sibi
915 3142 987 3189 uon
1008 3128 1107 3201 ttcsrt,

87 3202 204 3279 dicens,
233 3202 318 3283 quod
336 3203 462 3267 Plutoni
481 3209 637 3285 licuisset,
665 3209 719 3288 qui
739 3225 806 3270 eum
829 3206 1005 3274 carbaso
1022 3169 1143 3295 quon!

88 3286 296 3350 constituebat
309 3287 453 3350 eiecerit?
474 3293 532 3353 Sed
550 3303 578 3354 et
594 3295 710 3371 Virgilii
727 3312 762 3354 ac
777 3291 834 3353 'liti
853 3290 918 3352 Livi
940 3298 1063 3379 scripta
1084 3300 1108 3355 at

87 3371 228 3447 imagines
255 3373 370 3453 paulum
397 3374 466 3434 afuit
492 3379 558 3454 quin
585 3397 623 3438 ex
650 3379 781 3439 omnibus
806 3375 1004 3442 bibliothecis
1034 3394 1107 3444 arao·

88 3462 186 3531 veret,
216 3476 336 3535 quorum
355 3457 475 3518 alterum
490 3468 520 3519 ut
536 3461 639 3521 nullius
654 3462 765 3540 ingenii
782 3460 983 3542 minimaeque
1002 3460 1107 3528 doctri
