2334 3870
524 146 528 153 ⁴
565 189 705 239 oruc.
1041 182 1101 244 211

103 343 189 402 alium
207 342 262 403 alia
279 344 326 403 via
347 344 467 403 militum
485 342 695 406 demerebatur.
726 343 844 407 Guidam
862 351 947 409 etiam
964 348 1000 409 de
1019 359 1102 430 parte

104 428 200 487 finium
212 444 275 487 cum
287 428 384 489 ricino
394 427 528 505 litiganti,
540 427 683 489 adhibitus
691 429 811 508 arbiter,
823 439 912 493 totum
925 451 1025 511 agrum
1035 435 1100 496 red·

104 513 171 571 emit
189 514 453 593 emancipavitque;
478 520 508 571 ut
531 514 587 574 iam
603 516 653 575 rix
672 514 747 575 ullus
759 525 849 594 esset,
864 519 911 597 qui
926 534 984 578 uon
996 525 1099 580 etsen-

102 598 168 655 tiret
182 605 211 656 et
223 597 407 675 praedicaret
423 595 516 656 solum
534 601 723 660 successione
741 601 856 678 imperii
869 601 996 679 dignum.
1025 599 1128 682 Spe-5

77 690 218 750 araverat
229 690 324 742 autem
336 682 401 742 lore
413 690 444 741 ut
457 681 644 760 adoptaretur
656 703 672 743 a
684 683 785 763 Galba,
798 684 887 765 idque
900 689 929 745 in
942 685 1004 746 dies
1013 703 1101 765 expe·

101 764 207 826 ciebat.
231 766 290 825 Sed
303 774 456 845 postquam
469 765 576 825 Pisone
590 767 720 843 praelato
729 770 908 848 spedecidit,
922 770 957 831 ad
969 771 1024 829 vim
1033 787 1101 830 con·

99 867 204 909 versus
220 857 274 926 est,
287 851 443 927 instigante
455 869 545 930 super
557 851 642 910 animi
659 849 789 912 dolorem
804 857 890 915 etiam
904 853 1102 933 magnitudine

101 934 178 993 aeris
190 932 286 993 alieni.
303 934 406 1013 Neque
418 937 494 994 enim
505 933 713 1013 dissimulabat,
726 936 1004 1016 nisipriocipcmse
1013 944 1101 1000 storo

99 1034 161 1077 noo
173 1034 291 1095 posse,·
310 1018 446 1099 nihilque
458 1019 581 1098 referre
597 1018 637 1079 oh
653 1019 741 1081 hosta
760 1022 793 1081 in
815 1021 885 1083 octe
913 1039 955 1082 oo
975 1022 1007 1082 io
1026 1020 1101 1100 foro

63 1099 156 1166 recob
172 1101 379 1163 creditoribus
397 1104 531 1165 coderet.
561 1103 638 1163 Ante
653 1122 761 1182 paucos
782 1105 844 1166 dies
863 1124 950 1166 servo
965 1104 1102 1167 Caesaris

99 1203 152 1264 pro
171 1187 323 1266 impetrata
341 1187 559 1267 dispensatione
580 1188 680 1248 decies
705 1193 870 1251 sestertium
895 1198 1099 1270 expresseram

97 1270 154 1330 hoc
165 1269 323 1330 subsidium
334 1274 405 1331 tanti
418 1268 516 1351 coepti
528 1274 590 1332 iuit.
621 1272 667 1333 Ac
682 1277 774 1353 primo
787 1278 914 1354 quinque
933 1274 1099 1354 speculato·

97 1354 177 1413 ribus
193 1357 346 1413 commissa
358 1367 406 1413 res
419 1365 473 1431 est,
488 1355 593 1414 deinde
605 1355 706 1415 decem
718 1359 793 1435 aliis,
809 1377 882 1438 quos
896 1359 1003 1437 singuli
1014 1358 1099 1418 binos

100 1436 309 1517 produxerant;
332 1436 463 1496 omnibus
484 1437 558 1496 dena
579 1441 714 1498 sestertia
733 1451 953 1516 repraesentata
975 1451 1003 1499 et
1019 1444 1099 1517 quin·

62 1544 88 1585 15
100 1539 232 1600 quagena
247 1522 399 1600 promissa.
424 1519 479 1579 Per
490 1519 545 1579 hos
562 1518 710 1579 sollicitati
722 1521 837 1600 reliqui,
851 1541 906 1582 nec
919 1524 992 1581 adeo
1002 1521 1099 1598 multi,

99 1605 174 1666 haud
187 1604 401 1681 dubiahducia,
420 1605 449 1663 in
468 1607 534 1683 ipso
553 1604 673 1680 negotio
691 1604 782 1683 pluris
800 1605 959 1665 adiuturos.
983 1605 1128 1666 'l'uleratd

99 1692 208 1750 animus
223 1700 291 1768 post
301 1689 487 1768 adoptionem
499 1690 594 1748 statim
606 1696 700 1748 castra
709 1706 856 1766 occupare
872 1698 1098 1767 coenantemque

98 1777 126 1834 iu
145 1773 255 1834 Palatio
275 1773 395 1835 Galbam
412 1773 551 1852 adgredi,
571 1772 623 1832 sed
641 1772 754 1833 obstitit
776 1782 931 1852 respectus
958 1772 1098 1850 cohortis,

99 1876 172 1938 quae
186 1867 253 1918 tunc
267 1857 439 1936 excubabat,
455 1878 491 1918 ne
504 1860 673 1919 oneraretur
684 1857 802 1935 invidia,
816 1858 893 1938 quod
906 1857 1098 1917 eiusdemsta·

62 1969 88 2010 πο
98 1947 177 2003 tione
190 1953 219 2002 et
231 1942 318 2003 Gaius
330 1944 424 2003 iuerat
436 1945 552 2003 occisus
565 1950 595 2001 et
612 1940 745 2003 desertus
758 1942 847 2003 Nero.
884 1942 1009 2003 Medium
1027 1958 1097 2021 quo·

99 2045 155 2106 que
168 2036 281 2106 tempus
293 2027 398 2103 religio
409 2035 439 2086 et
452 2027 593 2087 Seleucus
604 2029 721 2086 exemit.

165 2110 246 2188 Ergo
260 2110 402 2171 destinata
415 2110 473 2187 die,
486 2112 673 2188 praemonitis
687 2113 814 2171 consciis
825 2121 855 2171 ut
867 2129 899 2171 se
920 2113 949 2170 in
965 2112 1030 2172 loro
1043 2111 1096 2172 sub

99 2195 172 2256 aede
185 2196 298 2256 Saturni
311 2195 347 2256 ad
355 2193 508 2255 Miliarium
520 2212 636 2254 aureum
651 2198 865 2274 opperirentur,
878 2213 961 2255 mane
977 2194 1097 2257 Galbam

100 2281 248 2356 salutavit,
267 2288 355 2360 utque
376 2286 568 2339 consueverat
586 2277 688 2340 osculo
707 2288 867 2358 exceptus,
884 2281 969 2340 etiam
988 2278 1097 2338 sacriii·

62 2395 89 2436 25
101 2367 176 2425 canti
189 2365 317 2425 interluit
330 2363 496 2443 audivitque
509 2363 657 2442 praedicta
669 2363 840 2442 haruspicis.
860 2362 972 2424 Deinde
990 2361 1096 2422 liberto

100 2450 204 2509 adesse
214 2449 392 2509 architectos
403 2449 566 2525 nuntiante,
580 2447 658 2527 quod
670 2450 783 2526 signum
801 2456 994 2524 convenerat,
1014 2447 1096 2525 quasi

99 2534 232 2593 venalem
243 2533 356 2593 domum
368 2535 553 2612 inspecturus
565 2531 719 2610 abscessit,
734 2535 934 2612 proripuitque
941 2550 974 2591 se
983 2532 1096 2611 postica

98 2626 181 2698 parte
193 2617 284 2679 Palati
298 2618 334 2678 ad
351 2620 545 2679 constitutum.
567 2617 626 2677 Alii
643 2616 756 2677 febrem
768 2617 920 2677 simulasse
932 2618 1011 2676 aiunt
1019 2633 1094 2677 eam-

99 2720 155 2782 que
169 2706 385 2764 excusationem
398 2704 539 2784 proximis
558 2702 727 2779 mandasse,
746 2704 770 2762 si
784 2710 982 2782 quaereretur.
1015 2700 1095 2761 'l'unc

61 2802 88 2845 ao
99 2786 211 2848 abditus
225 2807 352 2868 propere
362 2787 495 2848 muliebri
508 2787 582 2848 sella
594 2789 623 2847 in
635 2796 730 2847 castra
743 2785 900 2861 contendit,
913 2804 947 2844 ac
959 2784 1094 2844 delicien-

97 2873 173 2932 tibus
192 2872 340 2932 lecticaris
357 2891 420 2932 cum
438 2872 639 2932 descendisset
657 2889 828 2949 cursumque
842 2872 982 2949 cepisset,
997 2869 1094 2928 laxato

98 2957 200 3017 calceo
215 2959 330 3034 restitit,
349 2956 443 3017 donec
456 2959 565 3017 omissa
574 2974 654 3016 mora
667 2954 853 3032 succollatus,
868 2964 924 3014 eta
939 2960 1095 3032 praesente

98 3043 233 3103 comitatu
248 3043 405 3120 imperator
419 3040 629 3117 consalutatus,
647 3041 722 3099 inter
742 3040 852 3100 faustas
871 3038 1094 3099 adclamationes

97 3128 274 3204 strictosque
292 3125 407 3204 gladios
426 3124 461 3186 ad
480 3126 622 3204 principia
643 3123 776 3201 devenit,
798 3124 886 3184 obvio
904 3140 1021 3203 quoque
1038 3136 1095 3179 non

60 3225 87 3268 as
98 3212 182 3273 aliter
193 3229 228 3271 ac
242 3213 265 3271 si
278 3212 414 3271 conscius
430 3219 458 3271 et
470 3211 618 3289 particeps
636 3209 712 3269 foret
727 3209 912 3271 adhaerente.
937 3207 980 3268 lbi
998 3205 1095 3266 missis

98 3297 146 3376 qui
164 3295 283 3357 Galbam
296 3304 325 3355 et
336 3295 471 3355 Pisonem
480 3292 671 3371 trucidarent,
685 3293 720 3353 ad
735 3293 933 3355 conciliandos
952 3290 1093 3371 pollicita-

97 3380 224 3442 tionibus
236 3380 354 3440 militum
368 3382 478 3442 animos
490 3377 559 3439 nihil
572 3379 665 3456 magis
677 3396 730 3458 pro
749 3381 885 3440 contione
904 3386 1026 3438 testatus
1038 3381 1093 3450 est,

99 3483 182 3545 quam
195 3465 223 3526 id
236 3464 346 3526 denum
360 3484 392 3526 se
405 3463 575 3536 habiturum,
590 3462 666 3532 quod
680 3462 734 3520 nibt
748 3463 790 3512 tut
804 3463 992 3575 rattnuispent

882 3549 890 3579 ¹
904 3549 919 3596 t
