2334 3870
537 204 643 254 nuno.
1034 195 1092 258 189

100 375 273 441 quandoque
288 380 305 422 e
321 380 355 421 re
371 379 399 440 p.
415 379 450 422 ac
465 362 630 439 provincias
646 368 676 421 et
697 363 842 422 exercitus
857 363 945 441 equiti
958 364 994 424 li.
1009 381 1045 424 ae
1058 363 1091 425 li-

101 445 192 504 bertis
209 446 424 525 permissurum.
457 444 545 505 Certe
565 462 662 525 neque
685 445 842 507 adveniens
862 464 957 524 neque
976 448 1091 527 proiici-

100 547 186 588 sceus
201 547 373 608 quemquam
395 529 497 588 osculo
519 529 670 607 impertiit,
692 547 727 589 ac
748 548 785 589 ne
805 525 1010 590 resalutatione
1031 532 1091 611 qui·

100 612 178 682 dem;
202 622 231 672 et
252 615 280 673 in
297 610 473 689 auspicando
491 630 582 692 opere
598 612 695 672 lsthmi
715 631 818 690 magna
836 613 998 692 frequentia
1015 615 1092 675 clare

26 741 30 749 .
74 695 202 768 5utct'bi
214 714 254 756 oc
263 694 380 774 populo
389 695 427 756 ll.
440 693 577 756 berseres
588 701 719 757 certaret
729 699 848 776 optavit,
859 696 1035 758 dissimulata
1048 714 1092 758 se·

99 789 183 840 natus
202 780 357 838 mentione.

164 862 223 921 Sed
246 881 302 921 nec
317 863 428 942 populo
447 871 494 923 aut
508 861 661 922 moenibus
675 863 785 940 patriae
800 866 942 942 pepercit.
969 862 1135 928 Dicenteee

102 945 225 1024 quodam
240 947 268 1005 iu
283 964 417 1006 sermone
434 944 589 1008 communi:

245 1021 339 1107 Έαοῦ
356 1023 504 1102 θανόντος
516 1034 589 1108 γαΐα
600 1023 738 1107 pagoque
752 1029 827 1108 πυρί
830 1036 842 1088 !

61 1110 209 1189 animato,
227 1113 330 1191 inquit,
347 1107 429 1192 ἐμοῦ
442 1109 580 1188 gunnor!
601 1114 748 1192 planeque
762 1114 801 1172 ita
816 1113 896 1173 iecit.
924 1111 998 1173 Nam
1014 1114 1095 1192 quasi

99 1197 226 1257 offensus
242 1196 423 1260 deformitate
437 1207 567 1257 veterum
583 1196 779 1258 aedificiorum
800 1206 829 1256 et
849 1198 990 1274 angustiis
1005 1196 1094 1257 flexu·

98 1282 197 1359 risque
212 1281 354 1358 vicorum,
370 1284 496 1344 incendit
511 1281 613 1345 urbem
629 1291 686 1346 tatu
703 1282 813 1364 palam,
830 1291 859 1341 nt
874 1280 1007 1360 plerique
1025 1299 1093 1342 con·

100 1365 213 1424 snlares
232 1365 426 1424 cubicularios
450 1367 528 1441 eius,
552 1385 616 1425 cnm
635 1377 739 1446 stuppa
759 1365 903 1446 taedaque
922 1367 952 1426 in
967 1365 1093 1445 praediis

102 1449 161 1506 suis
177 1446 394 1523 deprehensos,
417 1464 477 1505 non
498 1449 660 1524 attigerint;
684 1459 713 1507 et
736 1449 876 1525 quaedam
896 1448 1001 1508 horrea
1017 1452 1094 1507 circa

64 1531 217 1594 rodomum
234 1529 378 1606 Auream,
412 1546 532 1608 quorum
555 1532 676 1609 spatium
701 1531 823 1588 maxime
845 1530 1044 1606 desiderabat,
1065 1537 1095 1587 nt

101 1614 214 1674 bellicis
230 1612 368 1674 machinis
382 1613 525 1674 labefacta
541 1623 628 1692 atque
642 1612 813 1673 inflammata
827 1613 893 1689 sint,
910 1611 988 1691 quod
1003 1629 1094 1672 saxeo

99 1715 181 1758 muro
203 1705 367 1758 constructa
387 1706 478 1759 erant.
508 1697 565 1758 Per
585 1717 638 1758 sex
660 1698 722 1757 dies
741 1705 913 1775 septemque
936 1704 1038 1756 noctes
1060 1713 1094 1755 ea

99 1781 182 1842 clade
199 1782 340 1842 saevitum
355 1791 413 1859 est,
431 1781 467 1842 ad
483 1791 727 1843 monumentorum
742 1780 949 1858 bustorumque
964 1779 1094 1839 diverso·

97 1867 140 1926 ria
155 1865 243 1944 plebe
257 1866 415 1944 compulsa.
448 1866 528 1928 Tunc
542 1875 660 1946 praeter
673 1868 840 1926 immensum
855 1881 1002 1925 numerum
1019 1863 1094 1922 iusu-

60 1969 89 2008 πο
98 1951 189 2010 larum
203 1949 304 2008 domus
317 1951 478 2028 priscorum
493 1951 596 2011 ducum
613 1959 746 2011 arserunt
756 1949 910 2009 hostilibus
922 1947 1015 2009 adbuc
1026 1964 1094 2026 spo·

98 2034 143 2093 liis
159 2032 329 2108 adornatae,
352 2033 527 2112 deorumque
549 2035 637 2094 aedes
657 2034 693 2094 ab
709 2033 829 2110 regibus
845 2051 880 2093 ac
892 2032 995 2093 deinde
1011 2032 1093 2093 Puni·

100 2119 142 2178 eis
158 2126 187 2176 et
204 2114 323 2176 Gallicis
344 2115 430 2176 bellis
450 2126 536 2176 votae
555 2117 779 2196 dedicataeque,
802 2125 832 2176 et
847 2115 981 2195 quidquid
999 2117 1092 2176 visen-

98 2202 164 2261 dum
179 2209 264 2277 atque
279 2200 467 2261 memorabile
481 2218 519 2259 ex
535 2203 700 2280 antiquitate
723 2200 884 2261 duraverat.
912 2200 976 2261 Hoc
997 2202 1093 2258 incen-

99 2284 174 2344 diurn
190 2302 207 2342 e
229 2292 306 2344 turre
322 2284 538 2345 Maecenatiana
555 2293 748 2364 prospectans
770 2285 920 2364 laetusque
939 2281 1092 2361 flammae,

60 2388 89 2429 aa
99 2377 130 2428 ut
146 2367 256 2443 aiebat,
274 2368 504 2447 pulchritudine
517 2367 636 2428 Halosin
650 2368 696 2428 llii
713 2369 741 2426 iu
755 2368 807 2428 illo
824 2386 876 2428 sno
892 2369 1029 2429 scaenico
1045 2364 1092 2426 ba·

98 2452 159 2512 bitu
182 2451 353 2511 decantavit.
399 2450 445 2511 Ac
467 2470 504 2512 ne
525 2471 582 2512 uon
606 2453 672 2511 lrinc
698 2469 813 2531 qnoque
834 2460 968 2531 quantum
991 2459 1094 2531 posset

99 2534 226 2615 praedae
244 2544 275 2594 et
295 2535 487 2596 manubiarum
508 2536 671 2612 invaderet,
699 2536 846 2614 pollicitus
872 2536 1044 2596 cadaverum
1066 2543 1095 2595 et

98 2619 232 2680 ruderum
253 2621 405 2696 gratuitam
428 2622 626 2698 egestionem,
653 2622 756 2680 nemini
781 2620 818 2681 nd
838 2620 978 2700 reliquias
997 2637 1091 2679 rerum

100 2721 213 2765 suarum
230 2702 310 2763 adire
325 2705 469 2783 permisit:
492 2704 759 2783 conlationibusque
781 2722 838 2764 non
858 2705 987 2784 receptis
1007 2703 1092 2765 modo

62 2805 197 2850 soterum
213 2796 242 2846 et
255 2787 422 2866 efflagitatis
444 2790 608 2867 provincias
625 2789 859 2868 privatorumque
878 2807 982 2849 census
998 2806 1091 2869 prope

99 2871 239 2932 exhausit.
272 2870 473 2933 Accesserant
492 2875 577 2933 tantis
599 2892 637 2933 ex
660 2875 791 2953 principe
812 2873 895 2933 malis
917 2871 1091 2952 probrisque
1101 2879 1135 2934 39

99 2952 237 3034 quaedam
253 2963 282 3013 et
296 2955 429 3016 lortuita:
448 2957 614 3034 pestilentia
633 2958 716 3017 unius
737 2958 877 3034 autumni,
900 2975 957 3036 quo
977 2956 1094 3034 triginta

98 3038 228 3099 funerum
243 3037 321 3098 milia
335 3041 364 3098 in
378 3041 517 3099 rationem
530 3039 670 3100 Libitinae
693 3049 847 3111 venerunt;
870 3041 969 3102 clades
983 3039 1092 3102 Britan-

98 3125 178 3197 nica,
203 3140 258 3200 qua
279 3121 334 3183 duo
357 3124 515 3203 praecipua
530 3124 639 3203 oppida
653 3142 757 3202 magna
773 3127 876 3186 civium
891 3127 1093 3205 sociorumque

62 3205 191 3267 ascaede
217 3206 328 3285 direpta
351 3216 428 3277 suut;
457 3209 611 3285 ignominia
632 3209 667 3269 ad
687 3207 848 3289 Orientem,
874 3210 1039 3288 legionibus
1064 3209 1093 3268 in

99 3291 236 3350 Armenia
258 3289 311 3350 sub
333 3294 429 3368 ingnm
450 3292 546 3351 missis
566 3311 714 3372 aegreque
735 3295 818 3369 Syria
836 3302 960 3355 retenta.
991 3292 1092 3355 blirum

99 3382 129 3434 et
144 3374 191 3434 vel
207 3377 365 3454 praecipue
380 3375 509 3437 notabile
523 3377 598 3436 inter
611 3377 683 3438 baec
698 3378 801 3456 fuerit,
818 3379 888 3438 nibil
904 3397 967 3438 enm
982 3379 1091 3458 patien-

99 3467 254 3538 nusquam
269 3458 420 3521 maledicta
443 3469 471 3520 et
494 3461 619 3522 convitia
642 3462 785 3523 bominum
807 3462 923 3541 tulisse,
945 3481 1041 3543 neque
1062 3463 1091 3522 in
