2334 3870
109 170 149 230 56
194 179 223 228 c.
240 179 391 228 suavem
410 177 538 238 anano.
555 178 602 227 na
618 177 700 224 v1na
717 177 901 226 caesennae
916 180 988 228 nra.
1004 183 1043 230 11.

110 336 179 396 ditio
204 352 301 395 coram
325 332 524 413 pugillarium,
548 349 623 410 quos
644 333 722 392 taciti
743 341 772 391 ct
791 331 901 393 ibidem
922 337 1016 397 statim
1035 337 1117 416 lege-

108 428 187 488 rcnt;
215 420 382 496 notavitque
410 416 538 495 aliquos,
563 415 640 494 qnod
665 417 804 495 pecunias
829 415 991 481 levioribus
1015 424 1118 482 meris

65 505 227 564 tomutuati
244 503 384 580 graviore
405 501 530 560 loenore
547 499 755 561 collocassent.
795 499 843 561 Ac
853 502 978 563 comitiis
993 505 1117 565 tribuni·

109 591 162 650 ciis
176 589 202 648 si
214 587 354 648 deessent
369 583 510 645 candidati
525 593 695 662 senatores,
717 603 755 643 ex
768 583 967 663 equitibus-R.
978 592 1113 666 creavit,

108 675 148 734 ita
168 681 198 732 nt
219 678 364 751 potestate
377 677 547 745 dranseota,
566 670 598 729 ia
616 678 685 729 utro
701 667 812 728 vellent
837 667 936 733 ordre
946 682 1108 733 manerent.
1133 696 1145 732 s

110 757 181 818 Cum
193 765 289 816 antem
300 753 437 832 plerique
453 754 580 831 equitnm
593 755 698 817 ‘attrito
720 751 807 814 bellis
821 752 1108 836 ¹rvivrililmepetrimo·

74 831 78 838 ’
109 843 157 902 nio
171 847 310 918 epectare
325 836 411 898 ludos
431 855 449 896 c
468 837 697 915 quattuordecim
718 853 776 899 non
788 835 931 899 auderent
946 847 1022 899 metu
1040 857 1113 920 poe·

107 943 162 986 nae
178 923 348 1000 theatralis,
371 923 570 1002 pronuntiavit
582 940 647 982 non
667 923 759 982 teneri
776 939 831 999 ea,
854 921 1051 1003 qnibnsipsis
1065 943 1115 1004 pa-

107 1007 277 1073 rentibnsve
287 1015 434 1085 ⁴otprrester
449 1023 702 1084 oansnsmmqnam
715 1005 828 1067 fnuset.

172 1092 277 1172 llnpuli
298 1109 451 1153 recensum
473 1092 589 1150 vicatim
608 1092 681 1168 egit,
696 1108 736 1149 ao
748 1108 793 1151 nc
807 1088 901 1170 plebs
911 1091 1110 1153 frumentatio·
1122 1115 1146 1156 nc

108 1196 175 1238 num
184 1193 276 1237 eausa
290 1175 472 1252 frequentius
487 1173 523 1235 ab
542 1176 670 1252 negotiis
683 1183 877 1252 avocaretur,
900 1177 1117 1245 terinaneum

108 1270 275 1341 quaternum
286 1274 420 1318 mensum
434 1266 563 1318 tesseras
575 1257 840 1330 adare=destinavit3
859 1258 917 1321 sed
927 1259 1117 1323 desideranti

109 1341 345 1405 consuetudinem
357 1351 489 1403 veterem
500 1345 651 1405 concessit
661 1361 771 1420 rursus,
787 1352 818 1403 nt
827 1344 1027 1425 sciemusque
1038 1363 1117 1407 men-

108 1431 148 1490 sis
163 1429 323 1509 aeciperet.
356 1425 553 1490 ¹Gentilicium
574 1446 689 1508 queque
703 1429 860 1508 pristinum
878 1429 923 1488 ins
942 1429 1061 1492 seduxit
1082 1449 1118 1491 ac

108 1513 260 1594 multiplici
271 1531 371 1594 poena
388 1515 520 1574 coercito
533 1512 664 1590 ambitu,
685 1511 820 1574 Fabianis
843 1519 873 1572 et
890 1513 1151 1594 ¹Sttaptiensibnsrs

109 1599 263 1660 tribulibus
283 1601 342 1659 suis
353 1598 403 1659 die
420 1600 616 1675 comitiorum,
638 1616 674 1657 ne
689 1597 787 1675 quida
802 1598 1116 1676 quoquam-candidato

109 1684 323 1761 desiderasset,
343 1680 457 1759 singula
470 1682 548 1742 milia
562 1699 703 1742 nummum
714 1700 735 1742 a
747 1700 783 1740 se
796 1680 954 1743 dividebat.

171 1768 269 1845 llagni
280 1776 433 1844 praeterea
443 1767 771 1825 existimans-sincerum
787 1775 872 1846 atque
885 1766 923 1827 ab
938 1767 1115 1828 omnioollu-

108 1853 195 1912 vione
222 1851 371 1930 peregrini
398 1866 433 1908 ac
459 1849 574 1909 servilis
601 1850 749 1926 sanguinis
773 1851 971 1930 incorruptum
988 1869 1116 1912 servare

109 1934 261 2017 popnlnm,
282 1941 311 1992 et
333 1933 478 1992 civitatem
497 1934 654 1994 Romanam
672 1935 844 2013 parcissime
867 1934 945 1996 dedit
968 1945 999 1996 ct
1019 1951 1148 1997 mann-ao

107 2017 235 2078 mittendi
250 2016 365 2076 modum
378 2018 549 2079 terminavit.
588 2017 706 2078 Tiberio
723 2037 783 2099 ¹pro
807 2019 911 2080 cliente
926 2019 1042 2083 Graeco
1063 2038 1115 2101 pe·

107 2103 178 2162 tenti
203 2102 371 2181 rescripsit,
399 2100 457 2162 non
483 2102 567 2162 aliter
591 2122 625 2162 sc
647 2102 791 2183 daturum,
820 2121 904 2184 quam
925 2105 950 2165 si
971 2123 1115 2184 praesens

108 2185 163 2247 sibi
175 2188 388 2266 persuasisset,
409 2205 493 2267 qnam
506 2190 595 2248 iustas
608 2187 727 2268 petendi
747 2206 849 2250 causas
863 2188 1003 2258 baberot;
1025 2198 1056 2250 et
1070 2189 1115 2251 Li·

107 2272 173 2333 viec
194 2288 247 2351 pro
269 2271 394 2350 quodam
418 2271 569 2333 tributario
584 2271 669 2335 Gallo
692 2275 808 2350 roganti
823 2274 968 2334 civitatem
982 2275 1114 2351 negavit,

108 2356 310 2416 immunitatem
327 2355 431 2435 optulit
446 2356 607 2434 affirmans,
629 2356 743 2417 laoilius
758 2375 791 2417 se
809 2375 959 2436 passurum
973 2357 1146 2419 decade-as

109 2440 181 2502 trahi
199 2439 321 2518 aliquid,
337 2458 420 2519 quam
437 2441 561 2502 civitatis
576 2443 724 2503 Romanae
738 2441 851 2519 vulgari
864 2441 1017 2503 bonorem.
1044 2443 1114 2503 Ser·

108 2543 163 2584 vos
183 2542 241 2584 non
265 2533 417 2585 contentus
435 2525 531 2585 multis
550 2524 765 2585 difficultatibus
785 2543 802 2585 a
822 2524 957 2587 libertate
978 2535 1008 2586 et
1023 2526 1114 2588 multo

108 2607 239 2687 pluribus
252 2627 269 2669 a
284 2608 418 2668 libertate
433 2610 506 2669 iusta
522 2611 698 2687 removisse,
722 2626 785 2669 cum
799 2618 829 2668 et
844 2610 880 2671 de
897 2618 1064 2672 numeroet
1078 2610 1114 2671 de

108 2690 275 2753 conditione
293 2711 329 2754 ac
344 2691 505 2754 differentia
525 2711 625 2755 corum
646 2695 693 2772 qni
713 2697 978 2756 manumitterentur
996 2696 1114 2759 cariosa

108 2776 249 2854 cavisset,
274 2777 333 2837 hoc
353 2794 471 2856 quoque
491 2777 613 2856 adiecit,
639 2796 677 2838 ne
696 2779 808 2838 vinctus
828 2796 961 2858 umquam
977 2787 1146 2841 tortusveoo

108 2861 172 2938 quis
186 2860 247 2920 ullo
264 2860 406 2921 libertatis
424 2879 536 2938 genere
552 2863 695 2924 civitatem
711 2863 930 2941 adipisceretur.

170 2943 262 3005 Etiam
285 2945 411 3005 habitum
431 2947 624 3026 vestitumque
649 2948 800 3028 pristinum
824 2948 966 3010 reducere
994 2948 1114 3027 studuit,

109 3046 143 3089 ao
158 3029 219 3089 visa
235 3028 377 3107 qnondam
393 3047 447 3109 pro
463 3032 598 3092 contione
616 3032 789 3112 pullatorum
804 3033 903 3111 turba,
925 3031 1113 3111 indignabun-

109 3113 160 3174 dus
178 3122 206 3173 et
222 3112 386 3174 clamitans:

171 3195 220 3258 Ea
238 3197 417 3273 Romanos,
442 3216 546 3258 rerum
568 3194 724 3279 dominos,
751 3209 929 3280 pactaeque
955 3202 1147 3282 reparanda

107 3282 256 3359 negotium
270 3280 409 3343 aedilibus
424 3281 517 3358 dedit,
533 3302 570 3343 ne
585 3302 669 3366 quem
684 3286 808 3366 postbac
819 3294 988 3364 paterentur
1001 3288 1031 3348 in
1045 3287 1112 3348 loro

109 3364 225 3426 circave
242 3368 297 3427 nisi
313 3367 415 3446 posi*is
430 3365 555 3420 larmir
572 3377 701 3447 togatum
717 3369 889 3430 consistere.

65 3456 96 3510 4¹
179 3449 376 3513 ,Liberalitatem
484 3476 525 3496 ι....
583 3452 697 3504 >dinibus
721 3464 766 3500 ιάι·
785 3452 1112 3535 τινοιιςίιιιιθςῐηῃθῃ.
