2334 3870
265 538 308 622 o.
341 534 580 619 eburono
607 529 945 618 unnnoumm

130 723 247 824 DE
301 721 533 822 VITA
590 715 1104 821 CAESARUM

513 911 650 975 LIBER
669 910 732 976 111.

459 1071 781 1148 TIBERIUS.

544 1263 693 1271 -—-—.

91 1440 105 1492 1
180 1426 303 1487 Patricia
323 1442 398 1502 gens
414 1421 532 1484 Claudia
553 1423 623 1504 (luit
636 1423 710 1483 enim
727 1431 756 1483 et
771 1423 826 1484 alia
841 1420 973 1502 plebeia,
996 1442 1052 1484 nec
1069 1443 1120 1504 po·
1143 1455 1152 1494 5

116 1513 205 1572 tentia
226 1513 319 1570 minor
340 1527 396 1569 nec
412 1508 567 1587 dignitate)
591 1516 653 1568 orta
670 1517 714 1568 est
729 1526 767 1567 ex
780 1506 920 1585 Regillis,
944 1508 1056 1587 oppido
1073 1511 1122 1571 Sa-

116 1596 258 1656 binorum.
280 1595 351 1654 lnde
365 1594 485 1654 Romam
499 1610 604 1653 recens
621 1591 764 1652 conditam
778 1610 841 1653 cum
854 1610 958 1670 magna
974 1592 1121 1655 clientium

116 1699 201 1741 manu
216 1678 420 1755 conmigrauit,
443 1686 563 1739 auctore
578 1675 643 1736 Tito
662 1676 744 1737 Tatio
763 1685 899 1738 consorte
915 1677 1048 1758 Romuli,
1065 1681 1121 1757 vel,

118 1763 194 1846 quod
207 1763 300 1840 magis
317 1769 439 1838 constat,
456 1760 524 1822 Atta
540 1758 660 1821 Claudio
675 1763 772 1839 gentis
789 1762 931 1841 principe,
949 1771 1018 1842 post
1033 1783 1122 1843 reges

117 1855 239 1910 exactos
258 1854 342 1905 serto
363 1844 427 1904 lere
446 1863 536 1915 anno;
554 1854 639 1925 atque
657 1848 686 1905 in
704 1847 839 1926 patricias
859 1854 1006 1925 cooptata,
1019 1866 1149 1927 agrumro

116 1934 235 2010 insuper
246 1939 325 1991 trans
336 1929 477 1991 Anienem
493 1930 645 1990 clientibus
656 1930 809 2012 locumque
822 1930 876 1991 sibi
891 1930 927 1991 ad
943 1932 1121 2012 sepulturam

117 2015 170 2076 sub
187 2015 333 2097 Capitolio
348 2014 464 2096 publice
481 2016 605 2095 accepit.
632 2015 780 2094 Deinceps
793 2015 974 2097 procedente
986 2024 1121 2098 tempore

118 2101 331 2179 duodetriginta
345 2100 522 2179 consulatus,
531 2100 688 2162 dictaturas
700 2102 835 2181 quinque,
846 2118 983 2162 censuras
996 2111 1120 2182 septem,

117 2186 276 2268 triumphos
294 2205 366 2263 sex,
387 2185 457 2247 duas
473 2187 625 2248 orationes
640 2186 745 2266 adepta
759 2194 812 2246 est.
844 2184 915 2245 Cum
928 2189 1121 2265 praenomini-

117 2272 172 2334 bus
187 2271 464 2351 cognominibusque
484 2272 573 2332 variis
593 2270 832 2348 distingueretur,
852 2269 921 2331 Luci
942 2289 1121 2350 praenomen
1131 2287 1152 2328 u

120 2374 264 2418 consenso
280 2356 457 2436 repudiavit,
482 2365 633 2436 postquam
650 2374 666 2415 e
685 2354 796 2416 duobus
809 2354 966 2434 gentilibus
982 2356 1121 2437 praeditis

119 2458 155 2499 eo
176 2441 249 2501 alter
270 2440 428 2517 latrocinii,
452 2439 551 2500 caedis
572 2439 646 2499 alter
663 2440 814 2501 convictus
830 2449 884 2501 est.
914 2436 995 2501 Inter
1011 2459 1121 2521 cogno·

115 2525 191 2583 mina
208 2532 302 2584 autem
317 2532 345 2583 et
360 2523 486 2584 Neronis
501 2524 670 2603 assumpsit,
692 2542 749 2604 quo
764 2526 942 2604 significatur
956 2525 1056 2603 lingua
1072 2526 1120 2586 Sa·

115 2605 183 2667 bina
198 2607 282 2666 fortis
298 2624 333 2666 ac
348 2616 491 2668 strenuus.

89 2705 108 2759 b
177 2690 267 2751 Multa
283 2690 436 2751 multorum
454 2691 636 2753 Claudiorum
652 2696 774 2772 egregia
788 2695 904 2772 merita,
929 2693 1017 2755 multa
1035 2696 1152 2757 etiamn

117 2776 235 2854 sequius
257 2774 379 2836 admissa
395 2777 422 2836 in
439 2795 499 2836 rem
517 2795 545 2857 p.
560 2787 668 2838 extant.
700 2779 759 2839 Sed
774 2788 804 2839 ut
819 2779 979 2858 praecipua
995 2797 1121 2841 comme·

116 2876 243 2937 morem,
260 2860 373 2940 Appius
389 2860 501 2923 Caecus
516 2863 687 2924 societatem
703 2882 765 2924 oum
781 2882 855 2942 rege
868 2862 961 2940 Pyrro
975 2872 1006 2924 ut
1020 2882 1123 2944 parurn

118 2944 262 3007 salubrem
277 2946 342 3005 iniri
357 2945 501 3008 dissuasit.
530 2947 664 3010 Claudius
677 2948 797 3011 Caudex
813 2951 920 3029 primus
935 2948 1011 3010 freto
1024 2947 1122 3011 clusae

118 3032 239 3091 traiecto
261 3029 377 3092 Poenos
399 3033 497 3093 Sicilia
518 3034 638 3113 expulit.
672 3034 736 3095 Tib.
756 3033 838 3096 Nero
860 3033 1063 3095 advenientem
1084 3052 1122 3095 ex

118 3114 256 3196 Hispania
284 3133 346 3175 cum
372 3116 536 3195 ingentibus
562 3120 654 3199 copiis
677 3118 902 3198 Hasdrubalem,
930 3119 1010 3198 prius
1035 3136 1153 3200 quam

118 3199 254 3260 Annibali
275 3200 355 3260 fratri
381 3204 618 3283 coniungeretur,
651 3204 806 3284 oppressit.
851 3201 960 3264 Contra
983 3202 1121 3266 Claudius

118 3282 312 3363 Regillianus,
328 3284 475 3346 decemvir
490 3288 605 3366 legibus
621 3287 791 3364 scribendis,
807 3288 950 3366 virginem
965 3290 1121 3368 ingenuam

119 3383 173 3447 per
188 3369 245 3428 vim
260 3369 386 3432 libidinis
401 3374 494 3451 gratia
509 3373 537 3431 in
553 3375 719 3434 servitutem
733 3389 868 3432 asserere
886 3382 1015 3453 conatus,
1032 3391 1123 3436 causa
