2334 3870
530 159 703 210 uuanauus.
1035 105 1104 214 '103

102 340 157 402 pro
176 319 217 379 itu
232 325 261 379 et
277 315 371 377 reditu
386 333 439 375 suo
456 318 564 396 suscipi
579 335 700 396 passus,
722 325 752 376 ut
767 315 857 393 uulgo
870 318 926 377 iam
942 319 1106 398 pericuum

103 403 204 467 Calli
212 401 344 484 ppides
356 409 512 461 vocaretur
524 403 625 483 (quem
638 401 779 462 cursitare
792 418 827 461 ac
839 420 876 460 ne
890 400 977 461 cubiti
990 403 1105 482 quidem

102 505 262 551 mensuram
277 484 420 566 progredi
436 485 593 563 proverbio
610 484 723 548 Graeco
739 493 867 546 notatum
882 485 953 562 est).
984 487 1044 547 Sed
1059 504 1148 562 or·39

102 576 183 635 batus
208 582 334 650 utroque
354 570 433 646 filio,
463 587 582 649 quorum
603 570 791 631 Germanicus
820 570 971 648 insyria,
995 571 1105 632 Drusus

76 660 211 719 rRomae
227 656 355 731 obierat,
377 671 525 714 secessum
541 653 714 734 Campaniae
733 656 819 733 petit;
843 656 986 716 constanti
1003 665 1032 716 et
1045 658 1105 735 opi·

98 746 185 803 nione
208 749 237 799 et
258 756 392 798 sermone
413 756 506 817 paene
529 741 652 799 omnium
673 740 753 817 quasi
777 758 872 820 neque
887 739 1034 800 rediturus
1048 757 1105 800 um·

99 843 184 905 quam
212 833 241 883 ct
266 824 323 882 cito
349 832 471 883 mortem
497 824 584 882 etiam
611 821 748 881 obiturus.
788 826 872 898 Quod
897 825 985 904 paulo
1014 825 1107 884 minus

99 919 250 987 utrumque
268 909 377 976 evcnit;
393 926 457 968 uam
469 925 565 988 neque
574 908 697 969 Romam
711 907 832 986 amplius
843 910 937 986 rediit,
953 918 983 970 et
995 926 1106 989 paucos

100 1003 168 1072 post
189 993 250 1052 dies
272 993 350 1052 iuxta
367 992 551 1053 Tarracinam
572 993 600 1051 in
624 992 791 1070 praetorio,
815 994 860 1052 cui
875 993 1039 1071 Speluncae
1054 1011 1104 1053 no·

60 1094 162 1137 romeu
183 1086 242 1154 est,
270 1077 441 1138 incaenaute
463 1094 500 1137 eo
523 1077 675 1155 complura
693 1085 723 1136 et
745 1078 875 1154 ingentia
896 1095 966 1136 saxa
986 1077 1105 1139 iortuito

97 1180 224 1240 superne
243 1161 364 1239 delapsa
384 1172 465 1238 sunt,
487 1162 644 1242 multisque
660 1162 848 1222 convivarum
864 1170 894 1221 et
911 1161 1107 1221 ministrorum

96 1247 189 1323 elisis,
209 1255 326 1325 praeter
341 1264 423 1323 spem
438 1248 540 1308 evasit.

159 1331 317 1405 Peragrata
348 1327 517 1406 Campania,
550 1351 612 1390 cum
640 1331 757 1411 Capuae
788 1331 978 1410 Capitolium,
1008 1329 1148 1401 Nolae40

97 1413 235 1490 templum
258 1410 395 1486 Augusti,
424 1429 507 1487 quam
535 1431 649 1472 causam
669 1410 865 1491 profectionis
887 1414 1105 1494 praetenderat,

60 1511 87 1550 ιι
97 1496 277 1570 dedicasset,
299 1492 428 1569 Capreas
445 1511 478 1551 se
494 1495 629 1568 contulit,
652 1498 812 1572 praecipue
826 1498 989 1556 delectatus
1004 1497 1106 1573 insula,

99 1579 176 1660 quod
195 1596 250 1640 uno
268 1593 419 1657 parvoque
435 1577 520 1637 litore
536 1577 675 1655 adiretur,
699 1586 784 1653 septa
800 1580 925 1656 undique
941 1581 1106 1660 praeruptis

96 1669 253 1725 immensae
276 1661 432 1722 altitudinis
458 1661 578 1742 rupibus
607 1671 635 1721 et
661 1661 808 1741 profundo
834 1663 915 1721 mari.
948 1661 1105 1743 Statimque

96 1758 253 1811 revocante
275 1746 390 1807 assidua
415 1747 610 1808 obtestatione
630 1747 740 1828 populo
761 1755 884 1825 propter
901 1746 1027 1823 cladem,
1051 1765 1106 1826 qua

96 1834 172 1912 apud
184 1832 309 1892 Fidenas
323 1850 410 1911 supra
423 1833 526 1909 viginti
542 1833 687 1894 hominurn
702 1832 780 1891 milia
796 1831 970 1908 gladiatorio
986 1849 1105 1892 munere

56 1941 84 1981 ao
94 1917 295 1997 amphitheatri
324 1918 407 1977 ruina
427 1919 592 1996 perierant,
621 1919 733 1978 transiit
755 1917 999 1976 incontinentem
1023 1925 1104 1996 potc-

93 2012 254 2080 statemque
271 2000 401 2060 omnibus
418 2002 539 2062 adeundi
555 2005 597 2061 sui
612 2002 697 2062 lecit:
720 2009 799 2061 tanto
816 2001 923 2079 magis,
939 2001 1016 2081 quod
1032 2000 1104 2061 urbe

93 2085 251 2164 egrediens
273 2102 310 2143 ne
333 2085 380 2161 qui
397 2103 429 2143 se
445 2086 648 2164 interpellaret
665 2086 797 2146 edixerat
812 2105 846 2145 ac
860 2094 923 2146 toto
937 2088 1040 2158 itinere
1055 2086 1103 2147 ad·

92 2173 187 2230 euntis
206 2169 401 2228 submoverat.

151 2256 319 2330 Regressus
339 2254 367 2311 in
389 2253 524 2330 insulam,
549 2254 592 2311 rei
614 2272 641 2332 p.
665 2253 779 2333 quidem
802 2272 898 2314 curam
921 2255 1144 2332 usquead0041

54 2361 82 2400 ιι
93 2341 216 2415 abiecit,
238 2347 267 2397 ut
288 2347 392 2416 postea
414 2355 471 2397 uon
493 2338 626 2397 decurias
650 2341 776 2417 equitum
798 2357 930 2417 umquam
947 2339 1102 2416 supplerit,

92 2444 151 2486 non
172 2422 302 2483 tribunos
325 2421 444 2481 militurn
459 2422 697 2501 praefectosque,
715 2441 772 2483 nou
788 2424 1004 2502 provinciarum
1019 2441 1102 2501 prae·

92 2509 171 2569 sides
184 2507 262 2567 ullos
278 2509 447 2583 mutaverit,
462 2507 628 2586 Hispaniam
646 2517 675 2567 et
687 2507 800 2582 Syriam
818 2526 872 2586 per
887 2508 996 2586 aliquot
1011 2524 1103 2567 annos

92 2596 155 2653 sine
173 2591 375 2652 consularibus
387 2593 494 2670 legatis
509 2592 652 2669 habuerit,
667 2592 833 2652 Armeniam
852 2610 867 2650 a
881 2591 994 2651 Parthis
1010 2609 1100 2652 occu·

92 2679 164 2758 pari,
176 2677 316 2737 Moesiam
329 2695 345 2737 a
356 2676 443 2737 Dacis
456 2677 662 2756 Sarmatisque,
676 2674 783 2738 Callias
800 2695 816 2737 a
832 2676 981 2737 Germanis
993 2678 1102 2737 vastari

53 2783 81 2824 co
90 2762 273 2838 neglexerit:
293 2779 399 2838 magno
424 2761 570 2822 dedecore
591 2763 705 2839 imperii
725 2780 781 2821 nec
797 2762 909 2821 minore
926 2759 1099 2821 discrimine.

92 2845 227 2907 Ceterum
254 2848 361 2906 secreti
387 2846 532 2907 licentiam
559 2856 679 2906 nanctus
704 2856 733 2905 et
756 2847 836 2925 quasi
860 2845 984 2904 civitatis
1007 2846 1144 2906 oculis42

90 2940 235 3006 remotus,
255 2939 358 2991 cuncta
376 2931 457 2990 simul
475 2933 544 2991 vitia
559 2932 633 2991 male
650 2931 696 2990 diu
714 2930 890 2990 dissimulata
903 2928 1018 2988 tandem
1034 2947 1099 3007 pro·

90 3015 177 3076 ludit:
204 3015 239 3074 de
266 3014 369 3093 quibus
392 3016 558 3092 singillatim
580 3016 615 3076 ab
637 3015 760 3075 exordio
781 3016 916 3074 referam.
944 3013 977 3073 In
996 3014 1100 3072 castris

89 3101 145 3160 tiro
174 3101 259 3159 etiam
286 3108 343 3158 tum
369 3107 491 3179 propter
511 3102 624 3160 nimiam
646 3101 704 3158 vini
724 3099 889 3159 aviditatem
907 3116 961 3177 pro
978 3096 1098 3157 Tiberio

53 3183 281 3260 asBiberius,
298 3203 351 3263 pro
368 3182 489 3244 Claudio
507 3183 676 3261 Caldius,
693 3201 747 3263 pro
762 3183 994 3244 Neronelllero
1010 3198 1098 3242 voca·

89 3269 182 3328 batur.
201 3267 307 3329 Postea
322 3271 461 3349 princeps
476 3270 504 3328 in
516 3270 581 3348 ipsa
594 3268 776 3346 publicorum
788 3286 899 3329 morum
913 3267 1097 3326 correctione

90 3371 155 3412 cum
170 3350 330 3430 Pomponio
346 3354 455 3415 Flacco
472 3363 501 3413 ct
516 3353 547 3413 L.
563 3351 669 3413 Pisone
683 3362 801 3412 noctem
817 3353 1039 3429 continuumque
1054 3350 1084 3409 b'.

89 3437 173 3497 duum
190 3436 334 3516 epulando
349 3437 534 3517 potandoque
549 3439 736 3516 consumpsit,
752 3455 872 3497 unorum
889 3436 971 3496 alteri
984 3435 1090 3510 Syriai.¹
