2334 3870
115 181 156 240 76
200 192 229 239 c.
245 188 395 238 sauram
412 188 540 248 amno.
554 189 603 235 un
617 190 701 235 vrrs
722 188 911 240 cnusnusr
924 194 998 243 nin.
1014 199 1052 245 11.

115 347 229 407 iacilius
251 347 383 405 efiiceret
400 354 449 402 aut
460 343 567 402 necubi
582 345 725 403 lectorem
740 343 790 404 vel
803 346 969 410 auditorem
986 352 1124 416 obturba-

113 440 160 490 ret
182 449 218 490 ac
236 437 414 503 moraretur,
436 446 532 506 neque
552 428 792 505 praepositiones
807 430 929 491 urbibus
942 435 1058 496 addere
1075 458 1124 500 ne·

115 532 172 594 que
196 514 414 574 coniunctiones
438 514 555 589 saepius
574 513 681 570 iterare
703 510 856 591 dmbarit,
875 532 952 593 quae
966 518 1125 583 detractae

114 599 238 658 aderunt
252 596 357 675 aliquid
374 595 574 671 obscuritatis,
597 597 653 654 etsi
666 599 789 672 gratiam
804 608 919 674 augent
948 599 1123 664 Gacozelos

115 692 144 743 et
158 683 351 760 antiquarios,
368 689 398 739 ut
415 679 531 739 diverso
545 697 656 756 genere
671 681 806 757 vitiosos,
823 682 888 760 pari
898 683 1014 744 iastidio
1030 705 1142 765 apro-⁵

114 769 165 843 vit,
178 764 401 842 exagitabatque
417 781 642 840 nonnumquam
658 764 687 821 in
701 765 801 840 primis
811 765 1013 829 heoenaum
1024 789 1118 848 suum,

115 852 196 911 euius
215 845 445 927 myrobrecbis,
466 857 497 906 ut
515 849 569 923 ait,
592 847 750 908 cincinnos
771 866 866 926 usqne
885 868 1002 930 quaque
1018 872 1120 932 perse-

114 935 209 1013 quitur
228 943 257 992 et
278 932 412 992 imitando
430 950 484 1009 per
498 933 593 991 iocum
608 930 717 989 irridet.
744 930 804 991 Sed
817 951 875 993 nee
888 933 1009 997 Tiberio
1026 941 1123 1016 parcit

114 1028 144 1077 et
165 1018 298 1078 exoletas
315 1016 454 1076 interdum
469 1025 499 1074 et
513 1015 681 1074 reconditas
696 1032 789 1075 voces
805 1020 969 1096 aucupanti.
999 1020 1039 1080 bi.
1055 1023 1117 1100 qui-

112 1102 178 1163 dem
196 1102 352 1161 Antonium
376 1109 406 1159 ut
431 1102 559 1158 insanum
585 1101 733 1176 increpat,
763 1103 848 1178 qnasi
872 1119 907 1161 ea
928 1103 1116 1183 scribentem,
1128 1124 1153 1165 io

113 1204 187 1265 quae
206 1186 344 1244 mirentur
365 1184 461 1261 potius
481 1182 613 1241 homines
636 1200 721 1260 quam
742 1184 928 1262 intellegant3
950 1186 1058 1249 deinde
1074 1189 1118 1248 lu-

111 1270 183 1328 dens
207 1266 310 1326 malum
331 1274 361 1325 et
381 1268 549 1325 inconstans
571 1267 599 1324 in
621 1265 758 1342 eligendo
773 1287 889 1345 genere
903 1269 1020 1331 dicendi
1036 1274 1120 1350 inge-

110 1354 186 1412 nium
202 1352 280 1427 eius,
298 1351 375 1410 addit
390 1351 479 1410 haec:
500 1349 602 1429 Tuque
614 1349 750 1427 dubitas,
765 1351 1063 1417 CimberueAauius
1078 1375 1122 1418 au

115 1435 267 1497 Veranius
287 1434 420 1496 Flaccus
438 1433 580 1496 imitandi
597 1435 660 1495 siut
680 1433 753 1512 tibi,
774 1437 822 1497 ito
840 1444 876 1498 ui
888 1437 1014 1517 ambis,
1038 1460 1121 1521 quae

112 1521 243 1600 Crispus
258 1519 427 1580 Sallustius
447 1518 603 1597 excerpsit
620 1537 659 1579 ea
677 1517 857 1598 Oriqiuibus
873 1519 1025 1600 Catonis,
1046 1533 1117 1586 uta·
1130 1549 1152 1588 a

109 1607 177 1666 ris?
193 1623 235 1665 au
245 1606 350 1683 polius
360 1602 570 1666 Asiaticorum
584 1610 744 1664 oratorum
757 1605 864 1666 iuouis
873 1609 1037 1669 sescentis
1048 1627 1118 1670 ocr-

111 1688 220 1751 borum
249 1688 429 1751 uolubilitas
454 1689 487 1748 ia
512 1693 651 1748 uostrum
674 1707 843 1750 sermonem
868 1689 1119 1769 bousfereuda?

108 1773 147 1834 Et
168 1773 288 1851 quadauu
310 1772 434 1849 epistola
450 1770 631 1848 Agrippinae
649 1774 744 1851 neptis
761 1774 907 1851 ingenium
924 1775 1117 1855 conlaudans,

109 1856 174 1918 Sed
187 1874 264 1933 opus
280 1861 340 1928 est,
365 1856 471 1932 inquit,
496 1855 575 1914 dare
590 1862 619 1914 te
632 1874 776 1933 operam,
794 1877 833 1918 ne
846 1857 975 1919 moleste
988 1860 1118 1923 scribas

111 1947 141 2002 el
158 1938 307 2017 loquaris.
1123 1965 1147 2006 u

66 2019 99 2075 st
172 2021 323 2082 Cotidiano
355 2040 489 2082 sermone
518 2024 657 2102 quaedam
683 2025 862 2104 frequentius
890 2034 921 2085 et
945 2028 1116 2091 notabiliter

108 2125 266 2186 usurpasse
296 2125 373 2183 eum,
402 2105 517 2167 litterae
540 2109 632 2187 ipsius
657 2108 857 2186 autographae
886 2119 1057 2191 ostentant,
1088 2117 1115 2174 iu

111 2192 214 2272 quibus
239 2191 414 2267 identidem,
441 2209 504 2251 cum
531 2194 644 2272 aliquos
668 2211 818 2272 numquam
845 2192 995 2256 soluturos
1023 2199 1114 2276 signi·

110 2279 198 2339 ficare
222 2278 297 2354 vult,
324 2275 368 2336 ad
388 2272 460 2336 lsal.
484 2275 626 2339 Graecus
649 2277 807 2338 soluturos
828 2276 882 2347 ait;
909 2287 1023 2340 etcum
1044 2280 1113 2343 bor-

109 2372 184 2424 tatur
205 2361 325 2423 ierenda
348 2379 415 2420 esse
439 2363 618 2440 praesentia,
639 2362 856 2441 qualiacumque
879 2364 951 2440 sint,
977 2370 1146 2427 amentias

109 2448 206 2508 simus
227 2446 286 2508 boc
302 2444 440 2516 Caloue;
466 2454 495 2504 et
516 2446 552 2505 ad
571 2444 786 2524 exprimendam
801 2444 956 2506 festinatas
968 2448 1014 2508 rei
1028 2450 1112 2510 velo·

109 2535 241 2606 citatem,
264 2529 395 2590 celerius
414 2545 507 2607 quam
526 2529 679 2608 asparagi
698 2534 868 2598 coeuntem·
890 2531 973 2609 ponit
993 2532 1112 2595 assidue

108 2623 137 2672 et
156 2632 210 2690 pro
234 2612 321 2672 stulto
343 2610 502 2672 bacculum
524 2613 611 2691 apud
626 2612 744 2690 pullum
756 2611 977 2691 pulleiaceum‚
1002 2625 1033 2676 et
1056 2637 1130 2697 pro·

108 2699 213 2755 cerrito
226 2712 443 2770 oacerrosum,
461 2705 490 2755 et
503 2696 617 2775 cupide
630 2715 663 2756 se
680 2696 789 2756 habere
804 2715 858 2775 pro
876 2697 969 2775 male,
986 2709 1017 2761 et
1033 2699 1110 2763 beti-

104 2795 181 2839 uare
197 2798 255 2879 pro
279 2779 432 2855 languere,
460 2780 544 2857 quod
557 2781 647 2858 vulgo
669 2780 872 2842 lacbauiuare
894 2780 1012 2854 dicitur;
1039 2786 1145 2847 itemst

105 2863 201 2923 simus
221 2862 276 2940 prb
292 2881 403 2939 sumus,
427 2872 455 2922 et
470 2862 579 2925 domos
595 2867 725 2942 genitivo
743 2883 811 2924 casu
828 2866 969 2942 singulari
985 2886 1041 2947 pro
1058 2870 1110 2933 do·

105 2965 175 3007 mus.
204 2945 268 3006 Nec
290 2965 420 3025 umquam
437 2947 520 3007 aliter
539 2948 611 3008 haec
628 2949 700 3025 duo,
721 2967 757 3008 ne
778 2949 841 3027 quis
861 2950 996 3011 mendam
1014 2956 1111 3032 magis

107 3049 188 3112 quam
208 3031 441 3091 consuetudinem
457 3042 547 3111 putet.

164 3116 270 3176 Notavi
289 3124 317 3173 et
332 3117 359 3172 iu
377 3115 574 3195 chirographo
591 3118 653 3176 eius
667 3118 716 3178 illa
733 3119 909 3196 praecipue:
928 3136 988 3180 non
1007 3121 1111 3184 dividit

103 3200 194 3261 verba
215 3218 270 3259 nec
294 3198 330 3258 ab
352 3208 481 3259 extrema
501 3211 583 3279 parte
606 3220 740 3262 versuum
761 3201 932 3262 abundantis
948 3199 1063 3266 litteras
1079 3209 1144 3273 iuss

106 3285 225 3345 alterum
246 3282 397 3360 transfert,
417 3283 469 3343 sed
487 3284 593 3345 ibidem
615 3286 708 3345 statim
729 3285 832 3346 subicit
846 3286 1108 3370 circumducitque.

62 3366 363 3447 ‘¹80rthographiam,
389 3367 495 3451 idest
513 3369 664 3429 formulam
688 3371 887 3447 rationemque
915 3371 1066 3435 scribendi
1091 3394 1108 3437 a

104 3454 296 3523 grammaticis
320 3448 470 3512 ’nstitutum
510 3471 536 3496 n.
559 3495 561 3500 ,
597 3452 663 3500 adon
680 3453 804 3513 curule-dit
822 3471 856 3508 ‘tu
871 3454 986 3516 videtur
1003 3474 1109 3521 eorum
