2334 3870
975 61 991 112 6

404 214 612 264 PRAEFATIO.
915 219 961 267 tv

57 377 205 437 Senatoria
232 375 376 450 possidet,
409 374 480 428 unde
509 375 640 431 nonnulla
667 375 810 448 excerpsit
836 376 957 446 Ernesti,

60 465 138 536 plura
152 456 463 530 baumgarten-Crusius
476 466 490 514 1
507 475 532 528 p.
546 457 699 514 xvl.xt11
716 459 850 531 prodidit,
868 459 958 515 omnia

61 545 240 603 amicissimus
263 540 479 596 Theodorus
501 540 659 597 lloebius
679 559 785 597 mecum
809 543 958 598 communi-

59 631 143 686 cavit.

120 714 257 782 Vulgatae
274 705 403 762 lectionis
417 705 583 777 principium
597 707 724 765 Aldina
739 719 781 766 est
796 712 901 780 editio,
925 711 958 766 ab
977 709 1063 803 afflant

60 798 134 852 Aldo
155 795 203 848 Pio
223 790 343 846 llanutio
368 797 396 844 et
422 789 526 843 loanne
549 789 671 861 Baptista
693 791 811 862 Egnatio
832 795 959 850 Venetiis
994 848 1001 861 ,

61 897 87 934 e.
105 883 174 935 1508
189 881 281 931 curata
295 880 322 927 et
335 872 416 927 Plinii
431 871 559 944 epistolis
574 871 711 929 adiuncta.
742 877 786 930 Ad
805 895 863 933 eam
877 896 957 949 prae·

60 960 209 1032 parandam
234 957 357 1012 editores
379 972 433 1011 non
456 955 562 1026 scripto
578 955 697 1026 quodam
717 958 791 1013 libro
815 976 880 1014 usos
897 978 960 1016 esse

57 1043 205 1111 existimo,
227 1056 321 1096 verum
339 1039 427 1093 tribus
445 1038 615 1094 editionibus
633 1057 700 1110 quas
723 1041 805 1097 modo
821 1043 962 1113 principes

57 1128 133 1195 dixi,
149 1122 348 1181 diversissimis
363 1120 434 1176 inter
451 1139 499 1192 se,
516 1125 682 1194 comparatis
699 1132 726 1179 et
742 1126 822 1196 quasi
838 1125 866 1179 in
882 1142 963 1179 unum

56 1209 170 1266 collatis
185 1208 310 1264 libellum
326 1205 541 1262 emendatiorem
555 1207 753 1279 reddiderunt,
776 1226 855 1280 quam
874 1226 963 1280 usque

60 1311 94 1349 eo
111 1293 201 1348 editus
217 1294 316 1346 luerat.
347 1289 380 1343 Et
395 1290 599 1345 fundamentum
614 1291 808 1364 impressionis
824 1291 962 1349 Venetam

57 1396 84 1431 a.
106 1383 174 1434 1474
189 1392 253 1429 esse
271 1373 433 1439 voluerunt,
451 1372 479 1425 id
498 1374 571 1442 quod
584 1390 619 1426 ex
634 1377 796 1443 quibusdam
813 1377 896 1432 rebus
912 1394 962 1431 ex-

60 1459 135 1527 iguis
151 1473 221 1526 quae
238 1454 336 1509 oculos
354 1452 452 1505 tallere
468 1454 569 1521 solent,
588 1454 697 1511 litteras
716 1459 780 1513 dico
797 1459 842 1512 vel
859 1460 962 1512 maius·

61 1539 140 1594 culas
158 1539 203 1594 vel
220 1534 403 1602 minusculas,
424 1532 637 1604 interpungendi
654 1537 752 1606 signa,
769 1538 837 1591 vitia
854 1553 965 1607 quoque

61 1695 148 1746 uerat,
178 1683 224 1733 cfr.
251 1681 393 1734 casauboni
417 1681 538 1746 epistolae
565 1681 604 1731 ed.
632 1680 722 1735 Graev.
747 1699 773 1746 p.
798 1683 839 1734 31.
871 1683 966 1732 Verum

60 1772 83 1804 a.
102 1752 168 1804 1610
186 1751 350 1802 Casaubonus
369 1750 401 1799 ad
421 1763 523 1797 manum
546 1749 595 1798 sibi
612 1750 693 1800 luisse
706 1760 812 1801 testatur
831 1752 966 1801 editionem

59 1838 117 1872 cum
135 1820 232 1870 Aurelii
246 1818 356 1869 Victoris
374 1819 435 1867 viris
454 1817 593 1868 illustribus
610 1820 768 1868 coniunctam
787 1829 812 1868 et
829 1819 965 1869 Mediolani

60 1905 106 1957 per
126 1891 199 1939 Alexa
219 1889 387 1938 Minutianum
404 1895 462 1935 onte
483 1895 576 1935 eentum
598 1895 623 1936 et
643 1896 696 1937 ooto
717 1904 796 1937 aranos
819 1890 836 1937 i.
858 1905 880 1937 e.
898 1902 964 1938 auno

59 1959 128 2010 1502
144 1971 276 2018 excusam,
299 1955 429 2019 quaesibi
451 1956 539 2020 scripti
556 1954 613 2004 libri
628 1958 708 2006 instar
727 1957 826 2009 fuisset.
864 1958 963 2006 Plenas·

60 2043 111 2090 que
133 2026 253 2074 lectiones
279 2025 311 2074 ab
330 2037 359 2072 eo
378 2032 584 2072 commemoratas
606 2025 742 2088 pluresque
767 2026 875 2077 omissas
894 2026 963 2075 Boa-

62 2094 143 2159 garsii
160 2107 237 2140 manu
258 2091 399 2154 adscriptas
418 2091 499 2154 reperi
517 2091 544 2139 in
562 2093 678 2158 exemplo
696 2096 889 2159 Antverpiensis
909 2095 962 2143 edi-

61 2162 139 2218 tionis
153 2175 177 2212 a.
196 2160 277 2217 1574,
294 2159 361 2221 quod
376 2158 473 2206 Bernae
491 2167 612 2209 servatur.
650 2162 679 2210 ln
701 2176 731 2211 eo
749 2165 865 2229 exemplo
880 2163 964 2212 littera

62 2230 95 2279 M
111 2244 175 2292 quae
193 2243 224 2276 ex
244 2226 367 2286 editione,
384 2225 466 2273 littera
484 2226 509 2273 P
525 2240 589 2288 quae
609 2244 623 2276 e
640 2228 792 2291 Petaviano‚
810 2245 877 2280 nuno
894 2229 963 2279 Pari·

58 2301 118 2350 sino
143 2297 230 2346 codice
254 2296 347 2359 scripto
372 2300 491 2356 excerpta
518 2302 577 2342 aunt
600 2295 798 2362 distinguuntur.
841 2297 965 2346 Beruensl

62 2367 177 2432 exemplo
201 2364 377 2414 Casaubonum
400 2376 474 2411 usum
492 2376 566 2423 esse,
593 2363 668 2412 fldem
691 2365 786 2415 iaciunt
808 2366 965 2415 coniecturae

60 2437 157 2499 aliquot
182 2432 371 2498 Bongarsiauae
399 2448 434 2480 ear
456 2431 595 2494 Bonparsa'i
614 2434 698 2484 cadiae
720 2435 751 2483 ab
777 2435 821 2483 illo
843 2432 964 2498 prolatae,

61 2504 213 2554 convincunt
229 2500 271 2551 hio
286 2500 336 2548 illic
354 2510 428 2551 notae
446 2499 476 2548 M
490 2508 514 2548 et
528 2500 553 2546 P
569 2501 690 2553 conlttsac
707 2503 748 2554 vel
766 2501 865 2552 Pithoei
883 2500 963 2550 codex

62 2586 109 2640 pro
122 2569 257 2621 Petaviauc
273 2583 306 2617 ex
321 2567 469 2634 compendio
485 2569 511 2615 P
526 2569 617 2619 lactus.
655 2571 787 2622 Praeterea
805 2585 861 2620 eam
875 2568 963 2618 editio-

62 2654 120 2691 nem
138 2653 211 2688 nemo
232 2637 308 2696 vidit,
333 2651 413 2700 neque
431 2636 506 2686 hodie
523 2637 694 2704 bibliographi
711 2640 787 2690 allam
799 2639 917 2688 Virorum
932 2635 962 2686 il-

62 2709 178 2759 lustrinm
200 2707 334 2757 editionem
360 2704 573 2754 Mediolanensem
597 2707 628 2755 ab
653 2708 728 2760 Alex.
755 2707 892 2757 Minatiano
915 2706 962 2754 im·

62 2791 175 2843 pressam
197 2783 289 2825 norunt
309 2774 358 2824 nisi
381 2773 413 2823 de
429 2788 452 2823 a.
475 2772 542 2824 1509
560 2789 666 2838 eamque
682 2775 854 2826 Grammaticis
876 2788 962 2823 caren-

63 2856 121 2894 tem.
159 2845 274 2895 Ceterum
296 2841 343 2892 luit
358 2842 401 2892 illa
417 2856 487 2890 mera
503 2843 617 2908 repetitio
638 2845 796 2895 Florentinae
813 2843 854 2893 vel
872 2842 963 2893 similia

63 2911 183 2973 alicuius,
196 2913 250 2961 siae
262 2910 320 2960 ullis
333 2910 448 2976 vestigiis
466 2925 556 2960 manus
575 2912 758 2966 emendatricis.

100 2978 124 3029 3.
146 2978 255 3028 Achilles
272 2977 366 3028 Statius
379 2978 472 3029 Romae
488 2994 510 3028 a.
526 2979 592 3029 1565
604 2988 714 3030 veterem
730 2981 856 3044 quandam
874 2979 962 3029 editio·

64 3062 123 3097 aem
133 3046 257 3096 consuluit
269 3061 325 3094 cum
336 3047 479 3096 Florentiae
493 3048 586 3110 ubique
605 3048 658 3098 lere
667 3050 881 3108 ,consentientem
899 3060 963 3097 non·

65 3130 202 3179 numquam
212 3115 324 3163 Venetae
341 3114 491 3164 Bernardlnl
510 3116 679 3178 accedentem,
696 3127 724 3168 ut
738 3133 764 3184 p.
778 3117 836 3177 259,
852 3118 885 3166 22
901 3117 963 3164 etu-

64 3185 158 3241 dendo,·
175 3199 202 3247 p.
216 3182 276 3244 269,
292 3183 326 3232 28
342 3191 439 3244 porto,·
456 3183 501 3232 aed
515 3185 583 3234 haud
599 3186 634 3235 ita
651 3200 707 3236 raro
726 3201 793 3236 nuuc
808 3187 834 3235 in
848 3185 964 3235 omitten-

63 3254 103 3304 dis
122 3251 251 3302 vocabulis
268 3251 306 3318 (p.
326 3250 385 3311 261,
404 3251 436 3300 14
451 3261 476 3300 et
495 3252 526 3303 16
543 3254 661 3304 Varrone
675 3265 699 3304 et
718 3255 846 3313 Murcum
859 3269 886 3320 p.
905 3249 963 3312 264,

61 3323 80 3372 0
96 3337 160 3386 que;
177 3337 202 3386 p.
214 3321 274 3383 271,
295 3319 327 3370 19
343 3319 411 3380 dum)
428 3334 495 3369 nunc
511 3320 535 3369 in
553 3323 695 3374 nominibus
710 3323 838 3374 mutandis
854 3324 890 3387 (p.
902 3317 963 3379 258,

59 3389 81 3441 6
100 3391 132 3439 L.
146 3389 251 3444 Aelius:
265 3405 289 3454 p.
300 3387 359 3450 263,
372 3390 404 3440 16
416 3387 552 3445 Tubertus:
569 3391 610 3445 21.
621 3391 653 3444 31
664 3392 764 3444 Hirtius
773 3400 797 3442 et
807 3387 905 3450 Hirtio)
917 3400 964 3440 etto

61 3473 165 3522 qaoque
180 3459 282 3508 arbitrio
298 3465 424 3525 agentem.
