2286 3862
198 213 335 262 LXXVIII
540 207 745 255 PRAEFATIO.

199 372 287 428 luisse
304 375 472 441 compertum
485 375 537 425 est.
569 368 637 423 Hinc
652 372 729 439 putet
743 383 826 436 quarn
841 368 913 423 male
928 369 1114 441 superiorum

199 454 323 511 nonnulli
336 461 364 509 ut
374 453 525 508 Salmasius
535 469 614 507 unam
623 450 841 506 earumvitarum
849 450 992 509 Suetonio
1003 454 1112 511 tribue

198 540 268 603 rint;
292 542 438 610 praeterea
460 537 534 593 nulla
554 535 689 591 librorum
705 536 871 591 auctoritate
892 537 949 591 boc
968 537 1112 611 lecerunt,

197 628 226 678 et
249 621 394 692 redarguit
411 637 461 678 eos
483 619 645 690 Hieronymi
664 619 692 673 iu
708 618 840 675 cbronico
865 625 894 673 et
908 619 1066 678 Diomedis
1085 624 1111 678 in

196 706 373 763 satiricorum
389 704 596 760 enumeratione
613 704 647 758 de
661 703 793 758 Iuvenale
809 701 961 761 silentium.
1001 706 1113 763 Deinde

196 790 320 846 Tacitum
335 788 436 843 scimus
453 793 538 848 ullo
549 786 703 842 Annalibus
719 786 876 842 scribendis
887 783 1010 861 (Annal.
1030 795 1111 858 261.

195 880 222 943 4,
237 868 270 944 4)
287 889 400 944 operam
416 872 541 940 dedisse,
560 871 639 926 cuius
655 871 689 926 dc
705 870 763 926 vita
779 886 812 926 ac
828 877 916 926 morte
932 887 991 927 nec
1005 871 1110 930 Hiero

196 973 292 1026 nymus
314 974 365 1011 uec
381 956 452 1011 alius
469 956 611 1026 quisquam
628 954 760 1026 prodidit.
806 954 862 1010 Sed
889 970 923 1008 ue
938 954 1030 1011 Plinii
1051 958 1109 1029 qui·

195 1041 256 1096 dem
283 1040 442 1096 amicissimi
467 1039 585 1095 bominis
615 1044 643 1093 et
666 1039 770 1107 optime
794 1039 828 1093 de
851 1054 883 1092 se
903 1039 1002 1094 meriti
1026 1042 1110 1097 ullam

194 1124 360 1178 mentionem
373 1122 549 1191 Tranquillus
566 1122 593 1175 in
609 1121 836 1177 suislllustribns
853 1121 974 1188 lecerat,
991 1128 1028 1178 ut
1041 1141 1107 1181 non·

194 1207 257 1261 dum
279 1204 388 1260 mortui.
433 1204 567 1274 Alioquin
584 1205 644 1259 lieri
660 1219 714 1258 non
732 1205 888 1276 potuisset,
912 1209 945 1258 ut
962 1205 1109 1278 Hierony·

193 1281 295 1360 musu)
313 1304 374 1343 cum
390 1287 516 1343 omuibus
531 1287 591 1342 lere
606 1287 812 1359 posterioribus
828 1304 863 1343 ex
877 1288 992 1345 dnobus
1009 1290 1112 1347 Pliniis

193 1388 274 1427 unum
295 1370 404 1426 laceret
428 1376 547 1442 atquae
570 1373 642 1443 apud
658 1372 855 1427 Tertullianum
879 1373 997 1444 apolog.
1020 1380 1051 1432 2.
1078 1376 1109 1431 de

194 1455 275 1510 Plinii
297 1457 332 1511 ad
348 1455 493 1512 Traianum
518 1455 636 1527 epistole
655 1456 817 1510 meminerat
836 1455 961 1526 compte,
985 1474 1024 1514 ea
1051 1476 1110 1515 cum

194 1540 364 1596 Suetoniana
386 1541 443 1597 vita
464 1539 547 1594 Plinii
570 1539 684 1594 maioris
710 1545 763 1594 tam
789 1539 890 1594 misere
913 1540 1109 1614 coniungeret

194 1641 273 1694 quam
291 1625 392 1679 lactum
408 1625 533 1678 videmus
549 1640 576 1693 p.
595 1630 655 1692 300,
673 1627 717 1680 27.
761 1623 846 1693 Atqui
862 1638 897 1677 ex
914 1622 1108 1698 inscriptione

194 1707 400 1762 testamentaria
416 1702 649 1780 (Orelli-Hennen
665 1705 802 1776 inscriptt.
821 1712 838 1765 3
854 1723 882 1784 p.
899 1702 970 1778 124)
986 1707 1108 1766 Plinium

194 1795 256 1842 ante
275 1807 301 1844 a.
318 1795 369 1847 114
384 1795 519 1844 mortuum
534 1804 598 1843 esse
611 1788 788 1858 intelligitur.

256 1871 297 1925 Ex
322 1871 358 1925 iis
382 1889 452 1942 quae
476 1872 614 1943 disputavi
641 1872 766 1943 sequitur
791 1879 822 1927 ut
844 1873 1000 1930 Suetonius
1021 1878 1108 1935 Viros

193 1971 259 2010 suos
275 1954 400 2010 illustres
418 1956 489 2011 intra
508 1971 594 2011 annos
611 1963 661 2016 106
680 1962 708 2010 et
722 1963 773 2016 113
790 1956 947 2027 scripserit.
987 1958 1038 2016 Ae
1053 1962 1106 2017 nisi

193 2038 298 2092 animus
319 2055 361 2093 me
388 2040 476 2108 fallit,
501 2040 550 2095 illa
575 2039 727 2111 Tranquilli
750 2040 888 2095 volumina
911 2040 976 2096 sive
999 2043 1107 2114 libelli,

193 2136 262 2189 quos
280 2123 423 2193 perfectos
440 2124 493 2179 iam
510 2131 537 2178 et
559 2125 702 2182 absolutos
717 2123 822 2182 Plinius
839 2122 921 2199 epist.
937 2135 971 2199 5,
993 2138 1035 2191 10
1056 2130 1105 2190 aad

192 2204 275 2261 nimia
289 2206 466 2263 cunctatione
483 2209 584 2264 edendi
599 2212 718 2265 nondum
736 2212 866 2281 vulgatos
884 2212 1035 2286 queritur,
1051 2233 1104 2275 nos

194 2289 241 2343 alii
258 2297 323 2344 sunt
338 2296 421 2362 atque
433 2292 584 2348 lllustrium
600 2294 701 2364 libelli,
719 2312 788 2366 quos
806 2295 886 2350 amici
907 2296 1105 2357 admonitione

191 2373 325 2444 impulsus
350 2381 413 2429 ante
436 2376 490 2430 iter
513 2377 541 2430 iu
562 2377 716 2445 Bithyniam
740 2386 898 2448 susceptum
914 2379 1011 2437 videri
1039 2390 1104 2456 pot-

192 2464 234 2510 est
250 2457 387 2513 emisisse.

257 2541 296 2594 De
313 2541 431 2610 singulis
447 2541 610 2609 Hieronymi
629 2542 700 2598 locis
716 2560 850 2613 quaerere
869 2547 959 2601 nostri
976 2547 1102 2607 instituti

192 2629 320 2690 nonest,
344 2630 372 2677 et
390 2623 560 2679 commodius
580 2625 614 2679 ab
631 2624 659 2680 G.
676 2627 719 2681 Fr.
738 2627 893 2684 Hermanno
909 2646 981 2699 quac
1005 2649 1102 2689 rerum

190 2703 336 2759 veritatem
359 2713 485 2777 spectant
511 2712 648 2778 petentur.
692 2709 787 2781 Neque
810 2718 901 2767 tamen
926 2713 963 2768 de
991 2715 1100 2774 Livio

189 2785 399 2845 Andronico
415 2797 512 2861 p.29l‚
528 2796 561 2848 12
575 2790 747 2848 Cassiodorii
760 2795 845 2850 verba
864 2799 1100 2872 praetermittam,

190 2869 236 2939 qui
258 2872 292 2926 ad
313 2889 340 2926 a.
357 2875 483 2929 5151111
504 2877 658 2930 consulibus
679 2877 768 2947 inquit
790 2880 860 2932 ludis
875 2879 1014 2936 Romanis
1031 2887 1098 2956 pri·

188 2970 261 3008 mum
282 2958 422 3028 troqoedia
442 2964 467 3012 et
482 2960 620 3014 comoedia
635 2978 652 3013 a
669 2961 701 3015 L.
717 2960 790 3015 Livio
810 2963 848 3015 nd
868 2977 1001 3018 scaenam
1018 2966 1098 3024 doto.

78 3021 173 3114 T‘Jffiffl
252 3038 280 3093 P.
294 3040 458 3097 Terentii
475 3042 581 3099 vitam
599 3061 626 3115 p.
641 3050 700 3111 292,
717 3051 836 3115 1—295‚
853 3054 866 3103 1
882 3042 981 3105 Aelius
998 3050 1099 3108 Dona-

187 3128 231 3176 tus
253 3125 328 3194 quod
351 3124 378 3178 in
397 3127 542 3197 prologum
564 3129 709 3183 commenti
731 3129 772 3183 sui
789 3130 947 3185 Terentiani
970 3137 1099 3209 recepit,

187 3205 324 3277 integram
348 3210 428 3265 nobis
449 3211 580 3266 servavit.
626 3212 835 3270 Vetustissimas
861 3214 1000 3271 editiones
1028 3218 1101 3276 inde

256 3398 302 3463 64)
320 3401 444 3454 Numeros
459 3419 486 3469 p.
499 3405 555 3456 Chr.
573 3424 598 3458 n.
612 3409 749 3460 107—109
764 3411 940 3474 Hieronymus,
961 3410 1012 3462 113
1031 3412 1101 3464 Gas-

186 3466 322 3528 11011οή01,
342 3471 392 3521 117
413 3472 522 3538 Prosper
541 3475 622 3528 Plinio
641 3478 773 3528 dederunt.
