2286 3862
148 190 206 253 128
247 196 578 254 1111111111111.
594 194 940 246 1111111111111111
961 196 1043 247 m.
1056 198 1123 249 mu

104 365 137 420 hl
210 357 307 436 Opera
329 354 381 413 snb
397 352 515 413 'liberio
533 351 755 429 semiperfecta,
775 351 915 430 templum
928 350 1072 430 Augusti
1089 355 1139 417 the

147 451 278 519 trumque
294 438 428 516 Pompei,
451 435 584 495 absolvit.
628 433 779 494 lnchoavit
798 444 894 496 autem
919 452 1026 513 aquae
1049 438 1139 501 ductu

146 525 267 601 regione
292 521 403 582 Tiburti
433 527 462 578 et
493 517 729 597 amphitheatrum
757 521 834 579 iuxta
867 520 1005 596 Saepta,
1043 539 1139 600 quoru

147 625 296 687 operuma
313 620 486 665 successore
510 605 571 661 eius
589 600 708 660 Claudio
732 602 851 661 alterum
870 611 1055 681 peractum,
1083 611 1139 667 ouis

146 710 208 753 sum
223 691 343 750 alterum
361 696 414 746 est.
455 687 606 761 Syracusis
628 685 768 764 conlapsa
784 694 927 746 vetustate
952 690 1139 749 moeniadeo

145 791 264 852 rumque
295 771 382 831 aedes
408 770 547 830 refectae.
595 767 796 830 Destinaverat
826 779 855 828 et
882 771 965 829 Sami
995 771 1139 848 Polycrati

145 860 257 933 regiam
283 858 454 930 restituere,
473 853 562 913 Mileti
582 852 750 927 Didymeum
771 871 933 931 peragere,
965 855 998 914 in
1022 858 1095 935 iugo
1113 857 1139 916 hl

146 942 227 1021 pium
242 940 341 998 urbem
364 939 507 1013 condere,
536 937 674 996 sedante
704 938 797 997 omnia
826 936 969 997 Isthmum
998 941 1029 998 in
1053 940 1139 1001 Achai

146 1023 320 1104 perfodere,
345 1025 518 1099 miseratque
541 1021 594 1079 iam
619 1019 654 1079 ad
674 1019 874 1080 dimetiendum
895 1038 977 1098 opus
1001 1025 1139 1103 primipih

104 1116 217 1170 1111111.
249 1107 394 1166 Hactenus
417 1106 498 1183 quasi
526 1103 562 1161 de
590 1105 736 1183 principe;
766 1104 877 1182 reliqua
905 1112 937 1163 ut
966 1105 1139 1169 demonstr

83 1222 90 1234 ·
145 1190 286 1251 narranda
302 1197 376 1248 sunt.

211 1271 414 1351 Compluribus
438 1271 656 1347 cognominibus
676 1270 832 1350 adsumptis
860 1272 944 1351 (nam
964 1282 997 1333 et
1020 1277 1114 1353 pius
1133 1295 1139 1335 1

146 1366 352 1418 castrorum
374 1355 485 1414 filius
507 1364 536 1414 11
558 1364 664 1433 pater
687 1357 921 1415 exercituum
945 1365 980 1416 et
998 1360 1139 1437 optimu

143 1442 317 1501 maximus
340 1438 479 1499 Caesar
503 1438 676 1515 vocabatur)
707 1456 770 1497 cum
799 1439 910 1498 audiret
936 1440 1022 1501 forte
1059 1462 1139 1522 regei

145 1528 192 1604 qui
208 1524 296 1584 oflicii
314 1543 399 1585 cansa
422 1525 450 1582 in
469 1523 568 1582 urbem
589 1523 778 1598 advenerant,
802 1526 1006 1585 concertantis
1025 1544 1045 1585 a
1071 1528 1139 1587 uds

144 1626 232 1687 super
248 1627 365 1668 caenam
387 1607 423 1665 de
441 1605 588 1665 nobilitate
610 1608 745 1682 generis,
770 1605 963 1668 exclamav't:
996 1610 1065 1682 Εις
1087 1610 1139 1671 uoe'

143 1711 245 1771 pavos
266 1691 364 1766 ἔστω,
390 1677 435 1758 εἷς
451 1679 627 1765 baccheris!
655 1708 710 1748 1111
730 1690 845 1749 multum
866 1690 936 1751 afuit
960 1694 1035 1771 quin
1066 1696 1139 1755 statii

143 1775 272 1835 diadema
294 1780 419 1832 sumeret
443 1774 628 1850 speciemque
655 1775 833 1851 principatus
858 1776 886 1832 in
916 1778 1009 1852 regui
1033 1776 1139 1839 formu

144 1865 339 1919 converteret.
374 1858 481 1916 Verum
506 1855 679 1932 admonitus,
704 1867 733 1916 et
755 1858 915 1937 principum
935 1867 969 1918 et
992 1878 1139 1939 regumsr

143 1941 308 2000 excessisse
332 1938 494 2014 fastigium,
528 1939 649 1999 divinam
678 1961 715 2001 ex
740 1959 776 2001 eo
802 1943 984 2002 maiestatem
1013 1963 1139 2007 asserere

143 2022 196 2083 sibi
225 2024 338 2101 coepit;
371 2022 495 2100 datoque
526 2027 644 2100 negotio
673 2034 703 2083 ut
731 2025 881 2085 simulacra
908 2028 1064 2089 numinum
1092 2030 1139 2090 reli

142 2109 229 2184 gione
253 2115 280 2165 et
303 2117 364 2166 arte
387 2107 554 2184 praeclara,
585 2108 659 2167 iuter
681 2127 754 2187 quae
776 2108 889 2186 Olympi
908 2108 1010 2188 lovis,
1046 2131 1139 2193 appor

141 2199 268 2250 tarentur
285 2209 301 2249 e
319 2189 455 2266 Graecia,
486 2191 587 2268 quibus
609 2194 704 2269 capite
725 2193 841 2270 dempto
866 2211 946 2252 suum
970 2196 1139 2274 imponeret

141 2284 252 2352 partem
267 2272 368 2334 Palatii
385 2273 420 2334 ad
440 2275 532 2333 forum
551 2293 641 2352 nsque
664 2277 824 2354 promovit,
846 2285 932 2354 atque
950 2278 1031 2338 aede
1051 2279 1139 2341 Casto

139 2361 179 2417 ris
196 2366 225 2417 et
241 2357 368 2418 Pollucis
384 2361 411 2416 111
428 2357 599 2417 vestibulum
616 2361 832 2436 transfigurata,
862 2361 1034 2423 consistens
1061 2382 1139 2443 saepi

140 2443 214 2500 inter
233 2441 338 2501 fratres
359 2442 446 2516 deos,
476 2441 598 2499 medinm
622 2443 795 2503 adorandum
816 2462 848 2502 se
870 2442 1049 2507 adeuntibus
1073 2449 1139 2508 exhi·

140 2524 242 2592 bebat;
281 2534 309 2582 et
331 2523 444 2600 quidam
466 2542 529 2582 eum
555 2524 738 2586 Latiarem
763 2527 887 2587 lovem
915 2530 1139 2592 consalutarunt

140 2607 290 2684 Templum
312 2608 395 2666 etiam
417 2610 521 2666 numini
545 2626 596 2667 suo
626 2613 773 2689 proprium
794 2620 823 2670 et
849 2612 1025 2673 sacerdotes
1049 2627 1083 2677 et
1103 2635 1139 2676 en

141 2691 363 2765 cogitatissimas
387 2690 497 2750 hostias
515 2693 642 2752 instituit.
686 2693 718 2753 ln
740 2694 848 2772 templo
873 2695 1066 2759 simulacrum
1096 2709 1139 2760 sta

138 2773 188 2831 bat
208 2791 325 2832 aureum
348 2774 504 2851 iconicum,
536 2776 779 2855 amiciebaturque
803 2778 908 2837 cotidie
931 2789 1038 2859 veste,
1074 2783 1137 2863 qual

137 2858 202 2933 ipse
225 2865 362 2916 uteretur.
407 2858 574 2935 Magisteria
604 2861 757 2920 sacerdotii
779 2862 933 2922 ditissimus
958 2866 1094 2945 quisque
1122 2886 1137 2927 e

139 2938 292 2998 ambitione
315 2949 344 2999 et
364 2941 522 3002 licitatione
546 2944 666 3003 maxima
688 2945 799 3004 vicibus
826 2946 1049 3024 comparabant.
1092 2952 1139 3012 llo

138 3024 210 3082 stiae
228 3033 309 3083 erant
331 3025 570 3104 phoenicopteri,
603 3045 748 3106 pavones,
776 3039 937 3106 tetraones,
969 3035 1139 3096 numidicae

137 3106 345 3185 meleagrides,
378 3109 549 3188 phasianae,
573 3129 646 3188 quae
665 3114 823 3189 generatim
847 3131 900 3191 per
921 3116 1063 3192 singulos
1085 3120 1139 3181 diel

136 3191 359 3251 immolarentur.
403 3192 441 3252 Et
468 3193 601 3253 noctibus
632 3195 745 3272 quidem
775 3196 887 3274 plenam
919 3197 1139 3284 fulgentemque

136 3273 228 3331 lunam
251 3276 387 3336 invitabat
407 3276 520 3335 assidue
541 3279 569 3335 in
593 3279 742 3356 amplexus
767 3289 851 3359 atque
874 3281 1084 3364 concubitum,
1108 3289 1139 3348 iu·

136 3356 228 3414 terdin
242 3377 314 3418 vero
331 3377 393 3417 cum
410 3357 573 3437 Capitolino
594 3361 665 3422 love
687 3373 810 3424 secreto
826 3364 1027 3446 fabulabatur,
1055 3372 1139 3435 moda

134 3438 315 3501 insusurrans
332 3460 367 3502 11
386 3442 530 3520 praebens
545 3445 573 3503 in
593 3449 686 3506 vicem
709 3466 823 3524 aurem,
852 3449 937 3510 modo
955 3451 1071 3516 clarius
1090 3474 1139 3519 net
