2334 3870
115 192 154 256 80
199 203 228 251 c.
242 200 392 250 suuuour
410 198 538 259 nanno.
556 198 604 244 nu
616 197 698 244 mun
712 195 901 247 cassanum
912 201 983 256 nra.
997 206 1036 254 11.

113 359 209 419 infuso
227 356 432 435 superaltaria
451 371 532 412 mero
549 361 656 413 tantum
672 351 805 410 flammae
821 354 1003 436 emicuisset,
1028 370 1059 421 ut
1076 381 1122 423 su·

115 459 275 523 pergressa
289 440 433 521 fastigium
447 437 546 516 templi
561 436 597 496 ad
613 435 726 495 eaelum
743 453 834 515 usque
846 436 993 518 ferretur,
1012 446 1124 524 unique

112 528 230 588 omnino
245 524 352 600 Magno
370 522 539 582 Alexandro
562 520 639 598 apud
661 518 780 578 easdem
799 536 862 580 aras
882 524 1065 586 sacrificanti
1082 532 1121 588 si·

113 611 181 670 mile
208 608 393 688 prouenisset
420 614 572 666 ostentum.
621 603 719 680 Atque
748 604 834 663 etiam
858 608 989 683 sequenti
1016 614 1118 671 statim

113 703 202 755 nocte
224 693 321 752 ridere
338 692 417 750 visus
434 699 479 749 est
492 689 580 748 filium
595 688 709 747 mortali
726 689 829 766 specie
843 689 1023 769 ampliorem,
1047 711 1137 761 cum5

113 778 231 839 fulmine
253 784 281 834 et
301 785 420 852 sceptro
437 772 694 851 exuviisquelovis
707 771 815 849 Optimi
826 772 941 833 blaximi
955 793 991 835 uc
1005 776 1116 837 radiata

114 878 237 937 corona,
264 877 354 937 super
376 859 534 919 laureatum
559 876 686 932 currum,
714 854 758 914 bis
780 857 861 917 senis
882 859 967 937 equis
991 860 1119 922 candore

113 945 218 1005 eximio
237 943 428 1003 trahentibus.
458 942 556 1002 Infans
572 941 680 1018 adbuc,
698 948 729 999 ut
743 943 884 1020 scriptum
902 942 980 1022 apud
997 942 1031 1004 C.
1045 945 1119 1004 Dru·

114 1048 176 1089 sum
191 1038 282 1104 extat,
299 1031 445 1106 repositus
459 1044 584 1104 vespere
597 1027 625 1083 in
642 1043 730 1084 cunas
746 1043 763 1084 a
778 1026 922 1087 nutricula
938 1027 1004 1087 loco
1019 1029 1115 1106 piano,

114 1123 235 1192 postera
250 1112 316 1171 luce
330 1130 388 1169 non
405 1112 572 1188 comparuit,
589 1109 694 1187 diuque
714 1111 861 1187 quaesitus
874 1111 986 1172 tandem
997 1113 1025 1170 in
1038 1113 1114 1172 altis·
1126 1128 1150 1168 ao

114 1199 184 1257 sima
200 1199 269 1254 turri
285 1204 420 1272 repertus
439 1203 499 1269 est,
516 1196 616 1253 iacens
632 1202 734 1253 contra
750 1194 823 1253 solis
838 1204 981 1256 exortum.

175 1277 246 1339 Cum
271 1279 391 1358 primum
413 1279 467 1338 fari
490 1278 653 1356 coepisset,
677 1279 705 1335 in
728 1279 804 1339 avito
822 1277 990 1342 suburbano
1007 1281 1120 1343 obstre-

113 1365 208 1444 pentis
222 1363 299 1423 forte
311 1381 396 1423 ranas
412 1364 499 1424 silere
515 1362 606 1439 iussit,
624 1372 711 1440 atque
724 1380 762 1421 er
774 1378 810 1422 eo
823 1373 967 1440 negantur
979 1364 1019 1424 ibi
1032 1384 1121 1426 ranae

114 1466 251 1510 coaxare.
285 1447 332 1507 Ad
351 1458 482 1526 quartum
508 1447 634 1526 lapidem
658 1445 822 1525 Campanae
850 1449 916 1506 viae
945 1449 974 1508 in
1000 1468 1121 1511 nemore

114 1533 265 1613 prandenti
290 1534 497 1612 exinproviso
519 1532 615 1610 aquila
636 1548 738 1610 panem
760 1533 786 1590 ei
807 1549 824 1590 e
845 1549 929 1591 manu
952 1536 1068 1612 rapuit,
1092 1544 1120 1596 et
1130 1558 1151 1598 tt

115 1637 179 1678 cum
197 1617 336 1677 altissime
353 1618 516 1693 evolasset,
539 1633 638 1675 rursus
655 1634 692 1674 ex
707 1616 857 1693 inproviso
872 1615 980 1676 leniter
997 1617 1119 1698 delapsa

113 1702 245 1763 reddidit.

176 1787 211 1860 Q.
229 1785 346 1844 Catulus
370 1793 436 1863 post
460 1783 622 1842 dedicatum
643 1782 817 1860 Capitolium
840 1784 1119 1869 duabusscontiuuis

113 1869 246 1930 noctibus
260 1869 426 1926 somniavit:
442 1868 542 1945 prima,
558 1866 657 1926 lovem
673 1866 816 1944 Optimum
829 1868 984 1929 lllaximum
1000 1888 1016 1929 e
1032 1890 1117 1950 prae·

113 1952 229 2013 tentatis
242 1949 437 2029 compluribus
454 1952 561 2009 circum
573 1968 650 2010 aram
662 1950 825 2012 ludentibus
838 1971 922 2012 unum
936 1957 1149 2032 accrevissent

113 2045 197 2113 atqua
220 2035 248 2092 in
270 2037 331 2094 eius
353 2036 443 2094 sinum
459 2054 521 2095 rem
539 2054 568 2113 p.
585 2054 667 2115 quam
683 2055 766 2096 manu
782 2045 913 2114 gestaret
929 2041 1118 2115 reposuisse;

113 2128 141 2180 at
162 2121 340 2197 insequenti,
364 2118 601 2179 animadvertisse
626 2138 658 2180 se
679 2122 708 2179 in
729 2123 840 2198 gremio
864 2120 1021 2200 Capitolini
1038 2122 1119 2184 loris

113 2203 234 2278 eundem
259 2221 395 2283 puerum,
424 2222 508 2282 quem
535 2224 598 2264 cum
628 2205 739 2264 detrahi
765 2207 913 2282 iussisset,
943 2206 1119 2284 prohibitum

113 2291 220 2350 monitu
241 2290 300 2365 dei,
319 2297 460 2366 tamquam
481 2289 505 2348 is
521 2289 555 2349 ad
572 2290 688 2349 tutelam
703 2291 746 2348 rei
762 2309 791 2368 p.
808 2289 995 2361 educaretur;
1019 2309 1055 2353 ac
1071 2290 1118 2352 die
1161 2287 1164 2297 '

115 2377 245 2454 proximo
262 2372 376 2432 obvium
395 2373 449 2433 sibi
464 2373 639 2451 Augustum,
663 2391 726 2432 cum
745 2375 923 2451 incognitum
940 2375 1011 2435 alias
1025 2374 1150 2441 habe-u

113 2468 173 2536 ret,
195 2477 252 2519 non
274 2458 336 2516 sine
358 2457 544 2518 admiratione
559 2461 715 2535 contuitus,
738 2457 909 2518 simillimum
925 2457 998 2519 dixit
1012 2477 1116 2537 puero,

113 2543 149 2601 de
173 2561 229 2620 quo
246 2543 426 2602 somniasset.
463 2543 584 2616 Quidam
599 2544 678 2621 prius
694 2544 832 2602 somnium
850 2540 944 2602 Catuli
962 2543 1049 2603 aliter
1067 2563 1116 2604 ex·

112 2635 236 2703 ponunt,
253 2628 334 2704 quasi
349 2625 481 2705 luppiter
495 2626 691 2705 compluribus
706 2628 896 2705 praetentatis
912 2635 1036 2687 tutorem
1052 2647 1070 2689 a
1085 2647 1117 2688 se

112 2710 317 2787 poscentibus,
338 2729 422 2770 unum
443 2730 481 2770 en
501 2713 544 2771 eis
561 2712 788 2772 demonstrasset
804 2711 838 2771 ad
855 2729 940 2790 quem
955 2713 1051 2773 omnia
1068 2713 1116 2772 de·

113 2791 217 2852 sideria
239 2813 290 2854 sua
311 2795 472 2872 referrent,
497 2797 615 2875 eiusque
634 2796 763 2856 osculum
786 2794 941 2856 delibatum
964 2795 1065 2873 digitis
1081 2795 1149 2858 adas

112 2895 145 2937 os
161 2896 240 2937 suum
255 2879 412 2940 retulisset.

173 2961 211 3022 tt.
234 2961 338 3023 Cicero
357 2962 390 3024 C.
408 2963 564 3025 Caesarem
586 2958 804 3043 in'Capitolium
826 2975 1017 3046 prosecutus,
1039 2983 1115 3027 som·

113 3050 188 3108 nium
203 3049 340 3126 pristinae
360 3052 454 3110 noctis
469 3049 656 3110 familiaribus
672 3051 748 3110 forte
764 3050 914 3111 narrabat:
936 3068 1058 3129 puerum
1073 3051 1114 3111 fa·

114 3135 159 3192 cie
181 3132 309 3209 liberali,
332 3132 486 3194 demissum
501 3153 518 3194 e
534 3135 617 3195 caelo
634 3143 736 3195 catena
753 3154 855 3211 aurea,
878 3134 1009 3195 adfores
1028 3133 1115 3215 Capi·

113 3218 164 3276 toli
185 3220 348 3277 constitisse
370 3220 454 3297 eique
476 3218 576 3279 lovem
593 3219 738 3296 flagellum
754 3219 920 3288 tradidisse;
947 3219 1051 3280 deinde
1068 3236 1149 3280 reas

112 3310 200 3378 pente
216 3300 346 3379 Augusto
362 3304 434 3379 viso,
450 3322 534 3382 quem
547 3305 676 3381 ignotum
688 3304 835 3383 plerisque
851 3302 943 3363 adhuc
956 3303 1115 3364 avunculus

112 3381 222 3446 Caesar
251 3387 287 3446 ad
315 3386 531 3448 sacrificandum
552 3390 713 3449 acciverat.
742 3388 894 3448 affirmavit
917 3389 1010 3466 ipsum
1033 3405 1115 3464 esse,

113 3467 190 3516 ..aufuns
208 3471 301 3528 imao-n
323 3471 472 3532 stuprandum
492 3474 615 3540 qtrittfssm
633 3472 675 3520 nib
731 3481 854 3524 nvn-apra
873 3473 919 3531 ait,
