2286 3862
210 229 488 279 ouausoraoauu
508 229 692 279 nsunouou
712 228 912 291 nauseasse.
1000 217 1061 283 ata

123 386 279 462 Simulare,
294 383 487 464 dissimulare]
499 383 747 464 simulamusquae
761 384 917 461 nescimus,
931 383 1062 449 dissimu-

61 471 153 532 lamus
168 488 241 551 quae
257 470 373 529 scimus.

124 555 276 616 Servitium
292 561 322 613 ει
333 552 513 633 servitutem]
526 553 651 613 servitus
663 561 708 613 εει
723 553 887 614 necessitas
902 553 1060 634 serviendi,

61 639 209 699 servitium
227 636 412 697 servientium
429 654 575 697 numerus.

27 751 46 791 5
123 724 245 782 Sensum
260 729 289 780 ει
302 721 493 800 intellectum]
506 738 609 780 sensus
623 721 761 781 naturalis
777 729 837 799 est,
849 721 1017 783 intellectus
1033 722 1063 783 iu

58 805 148 866 rebus
166 804 308 866 obscuris.
582 818 584 822 ·

121 889 297 967 Sanguinem
322 905 454 949 cruorem
471 897 500 948 et
515 889 622 949 saniem
648 885 706 949 boc
727 888 833 968 differt]
856 891 976 967 sanguis
991 889 1062 951 dici-

59 981 105 1033 tur
125 991 188 1034 eum
204 975 279 1034 intra
298 989 404 1052 corpus
420 982 484 1050 est,
516 990 551 1033 eo
567 973 645 1053 quod
659 989 714 1032 nos
734 973 860 1049 sanciat,
883 972 912 1032 id
933 983 978 1033 est
993 990 1062 1034 eou-

58 1059 162 1126 tineat;
182 1074 267 1116 cruor
293 1074 355 1116 cum
375 1056 516 1133 funditur,
534 1056 627 1116 dietus
643 1054 679 1116 ab
698 1073 734 1116 eo
753 1054 831 1136 quod
848 1073 902 1115 nos
924 1074 1062 1118 corruere

12 1164 46 1208 10
58 1149 160 1217 cogam
177 1140 274 1200 sanies
290 1156 376 1200 eruor
393 1139 532 1218 putridus.

123 1223 226 1282 Scelus
253 1232 282 1283 ει
302 1223 428 1302 ιεειεεε]
450 1223 548 1284 εεειεε
571 1224 680 1284 crimen
701 1232 762 1300 est,
789 1223 900 1284 lacinus
924 1226 1010 1286 etiam
1033 1225 1062 1284 in

58 1305 144 1365 laude
162 1307 286 1383 ponitur.

123 1387 223 1448 Solum
242 1388 355 1447 unicum
377 1389 535 1449 solitarium
563 1400 591 1449 et
613 1392 710 1468 unum]
733 1393 814 1451 solus
839 1411 855 1452 a
879 1394 986 1452 ceteris
1015 1410 1061 1451 re·

59 1473 160 1548 lictus,
183 1490 255 1531 unus
270 1472 378 1531 initium
395 1471 556 1550 multorum,
579 1472 725 1533 solitarius
741 1475 804 1534 sine
825 1477 943 1551 ceteris,
961 1476 1062 1534 unicus

16 1582 47 1624 15
60 1558 108 1636 qui
124 1565 247 1637 propter
262 1557 389 1635 inopiam
402 1556 524 1616 aliorum
539 1555 568 1614 id
582 1556 675 1633 ipsum
692 1566 736 1616 est
752 1557 830 1635 quod
845 1557 937 1618 solus.

124 1639 336 1700 Soleecismum
360 1649 388 1700 et
402 1639 622 1718 barbarismum]
648 1641 841 1701 soloecismus
860 1643 888 1701 in
910 1659 997 1702 sensu
1019 1641 1060 1720 lit,

58 1724 252 1785 barbarismus
267 1727 295 1784 in
314 1742 398 1785 voce.

124 1809 220 1888 Super
242 1820 270 1869 et
296 1810 396 1888 supra}
416 1826 505 1887 super
534 1809 669 1888 superior
696 1809 850 1887 inferiore,
874 1828 963 1889 supra
984 1807 1062 1889 quod

58 1892 233 1954 substratum
249 1893 357 1971 aliquid
372 1893 460 1954 habet
475 1901 521 1952 εει
537 1892 614 1971 εεει
630 1912 718 1973 supra
734 1894 802 1974 quid
816 1896 952 1954 imminet.

17 1999 49 2040 20
124 1976 213 2035 Simul
230 1983 259 2034 et
280 1977 387 2053 simitu}
411 1976 493 2037 simul
513 1994 569 2036 una
590 1979 757 2058 pariterque
780 1998 829 2039 res
852 1978 998 2056 declarat,
1031 1985 1061 2038 ut

58 2058 142 2119 simul
158 2060 281 2136 legimus
295 2059 343 2119 vel
361 2060 528 2130 scribimus;
551 2062 644 2122 simitu
663 2062 723 2123 loci
744 2064 850 2142 recipit
871 2062 1059 2140 significatio·

57 2162 134 2218 nem,
147 2152 289 2222 tamquam
305 2144 387 2203 simul
404 2144 453 2203 itu.

120 2228 244 2288 Saevum
261 2237 290 2288 et
312 2227 476 2308 crudelem]
498 2246 602 2288 saevus
617 2229 695 2290 eirca
712 2230 837 2291 verbera
852 2240 914 2308 est,
934 2228 1060 2290 crudelis

57 2322 231 2373 monstratur
247 2313 397 2390 sanguine.

18 2409 48 2450 ss
122 2397 171 2456 Sic
187 2404 216 2456 et
235 2398 285 2476 ita]
307 2399 349 2458 sic
365 2398 413 2476 qui
425 2397 495 2458 dicit
509 2397 635 2459 ostendit
656 2397 836 2478 exemplum,
856 2401 895 2459 ita
915 2396 950 2459 ad
971 2397 1059 2457 ratio·

56 2497 121 2538 nem
136 2481 271 2540 relertur.

122 2564 233 2624 Stillam
251 2574 279 2625 et
296 2567 416 2645 guttam]
432 2575 512 2643 gutta
527 2567 658 2627 imbrium
676 2575 731 2645 est,
749 2567 826 2628 stilla
843 2567 900 2629 olei
911 2564 960 2626 vel
972 2563 1058 2624 aceti.

118 2647 281 2711 'ferminum
297 2658 326 2710 et
342 2651 440 2730 linem]
455 2653 592 2712 terminus
608 2653 723 2713 nonnisi
741 2670 825 2712 manu
843 2653 978 2732 ponitur,
994 2648 1058 2709 linis

56 2736 198 2794 sermonis
212 2735 260 2794 vel
277 2733 432 2815 voluptatis
448 2745 494 2797 aut
511 2737 629 2796 alieuius
643 2739 686 2797 rei
702 2736 835 2813 intellegi
851 2742 958 2816 potest.

20 2837 47 2880 eo
119 2816 215 2894 Terga
244 2828 273 2878 et
292 2821 422 2899 tergora}
447 2829 531 2901 terga
553 2821 710 2899 bominum,
734 2831 855 2897 tergora
880 2817 1055 2886 animalium

57 2907 86 2957 et
103 2900 130 3042 p'p
146 2917 266 2962 numero
283 2903 421 2979 singulari
436 2913 550 2983 tergum
565 2905 687 2966 hominis
704 2904 824 2964 dicimus
841 2913 869 2965 et
882 2913 984 2980 tergus
999 2901 1056 2962 ani·

56 3001 101 3043 ma
114 3002 147 3043 rs.

119 3067 191 3128 lum
208 3077 237 3128 et
246 3069 325 3148 tuno]
338 3077 396 3130 tum
413 3070 522 3131 ordinis
536 3071 630 3133 babet
640 3071 893 3151 significationem,
907 3082 975 3134 tune
987 3079 1056 3131 tem·

57 3170 147 3231 poris.

21 3259 45 3301 ss
119 3235 233 3296 Tenere
249 3246 279 3297 et
296 3256 410 3299 sumere
423 3247 452 3299 et
468 3238 617 3320 accipere]
636 3249 766 3301 tenemus
787 3259 860 3320 quae
879 3248 944 3300 sunt
960 3240 990 3299 in
1004 3254 1054 3298 no·

56 3330 114 3382 stra
134 3331 295 3401 potestate,
318 3324 452 3385 sumimus
470 3326 583 3402 posita,
606 3325 765 3404 accipimus
784 3325 848 3386 data
872 3322 921 3384 vel
942 3322 977 3384 ab
996 3321 1054 3384 alio

56 3416 194 3484 aceepta;
211 3406 258 3466 vel
274 3416 404 3468 tenemus
420 3417 449 3469 et
464 3410 600 3470 sumimus
615 3427 631 3470 ε
646 3410 741 3486 nobis,
760 3410 919 3487 accipimus
934 3406 970 3469 ab
988 3407 1053 3467 elio.

117 3490 241 3553 'lardum
269 3493 382 3571 pigrum
410 3493 530 3556 inertem
555 3503 584 3555 et
607 3494 741 3574 segnem]
762 3493 861 3555 tardus
883 3492 986 3553 dicitur
1008 3491 1055 3572 qui
