2334 3870
86 170 128 232 92
174 180 205 228 C.
221 176 371 228 SUETONI
383 174 512 233 TRANQ.
527 176 574 223 DE
587 175 670 223 VITA
686 172 873 224 bassanum
885 176 955 225 LIB.
969 179 1011 226 111

86 339 175 414 duxit,
188 341 322 415 quantum
336 334 364 392 in
380 350 412 391 se
429 337 515 407 esset,
529 347 652 389 exorare
669 329 747 389 filiae
763 337 876 408 patrem
890 331 1095 410 frequentibus

85 422 190 484 litteris
206 427 235 479 et
249 418 297 477 vel
314 425 466 494 utcumque
481 414 618 497 meritae,
641 412 778 491 quidquid
795 431 924 494 umquam
946 414 1025 479 douo
1042 418 1093 478 de·

85 507 192 582 disset,
222 500 395 563 concedere.
440 497 598 558 Transacto
624 506 717 557 autem
744 497 910 559 tribuniciae
930 503 1091 578 potestatis

85 600 235 669 tempore,
254 585 405 648 confessus
423 581 554 659 tandem,
577 582 648 641 nihil
666 581 742 641 aliud
758 599 876 643 secessu
889 582 1035 644 devitasse
1052 603 1088 645 se

86 691 170 754 quam
186 670 383 734 aemulationis
401 685 464 726 cum
480 665 513 726 C.
524 665 671 745 Lucioque
688 667 886 745 suspitionem,
898 667 969 746 petit
982 676 1012 727 ut
1026 666 1105 728 sibia

85 775 190 819 securo
206 756 261 815 iam
274 752 310 814 ab
326 751 381 812 bac
395 760 488 831 parte,
503 750 706 810 conroboratis
720 750 764 811 his
778 750 976 821 et‚seouudum
989 751 1086 813 locum

84 842 173 903 facile
187 838 360 914 tutantibus,
378 838 594 915 permitteretur
610 837 741 896 revisere
758 833 1003 913 necessitudines,
1019 854 1088 914 qua-

88 944 150 986 rum
165 922 310 984 desiderio
326 929 483 980 teneretur.
501 920 559 979 Sed
574 938 667 999 neque
683 921 846 999 impetrauit
856 919 990 999 ultroque
1006 921 1093 980 etiam

88 1009 247 1070 admonitus
264 1014 324 1081 est,
342 1005 505 1065 dimitteret
518 1022 634 1065 omnem
651 1021 758 1065 curum
775 1021 917 1078 moram,
935 1021 1013 1083 quos
1028 1009 1092 1064 tom

43 1105 76 1160 12
84 1090 196 1171 cupide
211 1089 397 1170 reliquisset.
413 1089 561 1149 Remansit
576 1091 662 1166 igitur
673 1087 768 1149 Rhodi
784 1096 886 1149 contra
903 1087 1120 1164 voluntatemtt

84 1179 133 1238 vix
152 1193 206 1256 per
220 1183 338 1236 matrem
351 1181 533 1251 consecutus,
546 1181 576 1232 ut
591 1172 627 1233 ad
644 1172 796 1233 velandam
812 1173 997 1249 ignominiam
1008 1176 1092 1253 quasi

84 1263 197 1339 legatus
215 1257 347 1336 Augusto
366 1257 493 1318 abesset.
585 1278 588 1285 ·

146 1345 301 1405 Enimvero
318 1353 385 1403 tunc
401 1360 458 1403 non
479 1341 619 1422 privatum
641 1343 742 1420 modo,
766 1341 917 1402 sedetiam
934 1341 1091 1404 obnoxium

86 1439 115 1491 et
128 1430 270 1510 trepidum
286 1430 362 1506 egit,
379 1427 598 1488 mediterraneis
612 1429 691 1506 agris
707 1427 820 1488 abditus
834 1427 987 1506 vitansque
1003 1446 1090 1507 prae·

85 1515 324 1594 ternavigantium
336 1514 444 1590 officia,
462 1512 564 1592 quibus
579 1513 817 1591 frequentabatur
833 1511 958 1590 assidue,
974 1513 1089 1572 nemine
1100 1526 1126 1566 ia

85 1617 149 1660 ouun
166 1601 290 1679 imperio
305 1608 353 1659 aut
369 1601 538 1676 magistratu
559 1597 695 1657 tendente
711 1614 853 1689 quoquam
871 1598 938 1681 quin
953 1596 1089 1658 deverte-

84 1692 130 1744 ret
147 1683 289 1745 Rhodum.
332 1684 371 1743 Et
391 1691 579 1743 accesserunt
598 1685 714 1743 maioris
745 1665 947 1742 sollicitudinis
971 1686 1087 1743 causae.

83 1766 214 1848 Namque
233 1769 395 1847 privignum
412 1766 509 1827 Gaium
526 1765 634 1826 Orienti
659 1769 869 1847 praepositum,
894 1784 957 1827 cum
974 1765 1089 1827 visendi

84 1854 177 1930 gratia
192 1853 354 1912 traiecisset
369 1848 491 1929 Samum,
504 1850 671 1912 alieniorem
687 1852 741 1913 sibi
756 1854 847 1912 sensit
861 1870 899 1913 ex
915 1851 1088 1912 criminatio-

84 1936 168 1997 nibus
180 1936 219 1996 Μ.
233 1934 307 1995 Lolli
328 1936 440 1996 comitis
463 1945 492 1995 et
512 1937 637 1996 rectoris
658 1938 730 1997 eius.
774 1936 864 1998 Venit
882 1937 967 1997 etiam
989 1937 1019 1995 iu
1041 1953 1126 1996 suto

85 2021 251 2100 spitionem,
270 2037 324 2098 per
341 2019 479 2099 quosdam
493 2020 628 2081 beneficii
642 2026 685 2083 sui
700 2022 912 2084 centurionesa
927 2029 1090 2082 commeatu

85 2112 180 2165 castra
196 2106 358 2183 repetentis
372 2104 504 2166 mandata
522 2104 557 2165 ad
578 2107 743 2186 complures
765 2105 882 2168 dedisse
902 2103 1036 2183 ambigua
1059 2112 1089 2164 et

85 2206 157 2269 quae
178 2198 322 2270 temptare
343 2190 521 2270 singulorum
545 2191 655 2251 animos
675 2192 711 2254 ad
731 2209 823 2253 novas
845 2209 894 2251 res
909 2189 1087 2251 riderentur.

50 2272 127 2336 ²·-lle
144 2293 200 2355 qua
216 2276 381 2356 suspicione
405 2277 513 2336 certior
534 2274 570 2336 ab
585 2275 719 2353 Augusto
740 2277 851 2354 factus,
877 2293 936 2336 non
958 2275 1089 2335 cessavit

85 2360 248 2440 efflagitare
271 2362 395 2441 aliquem
417 2359 569 2421 cuiuslibet
590 2361 697 2423 ordinis
723 2360 872 2421 custodem
892 2360 979 2420 factis
999 2367 1123 2437 atqueaa

44 2446 170 2506 13dictis
186 2448 255 2507 suis.
299 2446 375 2526 Equi
396 2462 512 2526 quoque
532 2453 560 2505 et
582 2463 724 2507 armorum
742 2445 842 2505 solitas
858 2443 1087 2505 exercitationes

85 2531 180 2590 omisit
194 2531 365 2610 redegitque
381 2549 431 2607 se,
458 2530 592 2609 deposito
613 2532 706 2610 patrio
729 2529 843 2606 habitu,
864 2528 901 2590 ad
923 2527 1041 2608 pallium
1058 2534 1089 2586 et

85 2613 234 2691 crepidas,
252 2624 337 2693 atque
352 2615 381 2673 in
395 2614 445 2674 tali
460 2622 534 2675 statu
548 2613 664 2676 biennio
681 2615 746 2676 fere
761 2615 932 2693 permansit,
958 2621 1086 2685 coutem-

84 2698 140 2757 tior
157 2696 261 2756 indies
280 2708 310 2757 et
330 2698 465 2775 invisior,
490 2699 564 2760 adeo
583 2708 614 2759 ut
629 2701 769 2778 imagines
785 2700 847 2758 eius
861 2706 891 2758 et
905 2705 1013 2758 statuas
1027 2694 1086 2757 ue·

84 2799 251 2841 mausenses
267 2781 474 2860 subverterint,
500 2801 535 2843 ao
552 2782 683 2845 familiari
699 2782 841 2863 quondam
857 2782 990 2843 convivio
1005 2799 1084 2842 men·
1094 2800 1124 2843 so

84 2868 162 2927 tione
178 2866 239 2925 eius
255 2875 332 2944 orta,
356 2867 482 2927 extiterit
498 2869 545 2948 qui
560 2868 631 2930 Gaio
647 2867 851 2948 polliceretur,
873 2867 1026 2928 confestim
1040 2883 1085 2943 se,

85 2953 109 3011 si
131 2949 259 3028 iuberet,
278 2949 410 3013 Rhodum
429 2954 627 3030 navigaturum
651 2961 794 3033 caputque
815 2952 909 3012 exulis
933 2951 992 3031 (sic
1010 2951 1087 3010 enim

86 3034 302 3115 appellabatur)
316 3035 480 3097 relaturum.
525 3037 589 3112 Quo
606 3037 764 3117 praecipue
785 3054 843 3097 non
864 3033 1091 3131 iammetpsed

86 3121 248 3180 discrimine
273 3129 390 3181 coactus
411 3130 470 3198 est,
493 3130 549 3182 tam
571 3124 629 3182 suis
652 3140 735 3201 quam
756 3123 855 3183 matris
876 3118 1085 3200 inpensissimis

84 3205 222 3282 precibus
236 3205 357 3265 reditum
372 3206 569 3284 expostulare,
582 3207 815 3287 impetravitque,
831 3205 941 3266 adiutus
957 3202 1084 3284 aliquan·
1095 3217 1124 3261 aa

84 3298 141 3348 tum
157 3292 242 3350 etiam
257 3309 335 3350 casu.
377 3287 556 3350 Destinatum
570 3290 703 3369 Augusto
718 3300 795 3368 erat,
811 3289 880 3349 nihil
896 3306 985 3367 super
999 3305 1034 3348 ea
1051 3305 1085 3348 re

84 3373 191 3432 nisiex
207 3375 355 3435 voluntate
370 3375 485 3435 maioris
500 3373 541 3433 fili
557 3385 698 3445 statuere;
719 3377 745 3435 is
759 3375 836 3435 forte
850 3382 919 3433 tunc
936 3371 975 3433 bl.
991 3371 1084 3433 Lollio

85 3456 224 3543 offensio*
258 3458 351 3512 ‘scilia
369 3457 574 3516 ayne-abitiensi
602 3461 626 3496 'f
658 3461 775 3520 bifidum
791 3457 844 3504 issi*
896 3457 1085 3517 Pe”'²llidenbfl
