2286 3862
82 222 142 285 318
365 230 395 280 0.
417 229 580 279 uuuuoun
600 228 820 290 auunculum

81 389 191 469 pendit,
207 390 340 466 opinatur
357 387 404 465 qui
420 386 549 465 opinioni
565 394 612 445 aut
630 402 700 445 suae
717 391 767 445 uui
783 384 918 448 alterius
936 388 1040 471 eredit,
1054 411 1095 455 ar·

81 474 202 534 hitratur
217 473 264 551 qui
282 470 384 531 dubiae
400 471 442 530 rei
454 470 545 548 linem
558 468 700 548 imponit,
723 468 925 547 suspicatur
937 474 1094 555 quitum.

82 558 122 619 tis
142 557 189 617 rei
209 556 352 634 prospicit
368 554 498 613 formam.

142 653 301 714 Prohibere
326 661 355 711 et
374 650 516 729 inhibere]
533 648 690 728 prohibere
712 657 757 709 est
781 666 884 729 porro
907 652 1024 735 hahere,
1043 660 1086 718 tn·

81 738 182 799 hibere
204 744 306 796 nautae
326 735 354 793 in
369 754 421 794 usu
437 733 557 801 habent;
582 742 609 792 et
630 731 706 812 quod
727 732 936 813 prohibemus
956 740 1029 819 iure,
1045 743 1106 807 ins

82 822 212 882 hibemus
228 820 360 897 imperio.

145 902 354 965 Plenitudinem
369 911 398 962 et
411 901 589 982 plenitatem]
607 899 753 980 plenitudo
773 919 951 983 corporum
965 916 1021 985 est,
1035 906 1090 987 ple·

82 992 156 1049 nitas
171 1005 286 1055 rerum;
308 989 346 1047 ita
368 986 574 1065 plenitudinem
595 985 751 1046 obesorum
767 1003 962 1069 corporum,
982 990 1087 1073 pleuitn

82 1082 140 1133 tem
156 1069 348 1151 quarumlibet
363 1070 481 1130 dicimus
496 1088 601 1130 rerum.

145 1156 261 1214 Precori
285 1163 313 1213 et
335 1153 497 1232 deprecari]
522 1171 674 1232 precamur
692 1152 795 1231 deum,
819 1154 1095 1236 deprecantinm

81 1256 182 1299 mines.

145 1335 267 1411 Regium
283 1342 311 1392 et
326 1331 469 1413 regalem}
482 1336 581 1411 regius
593 1353 665 1414 puer
675 1343 720 1395 est
732 1336 825 1413 regis,
841 1338 971 1417 regalis
986 1340 1080 1417 rexqui

83 1438 115 1479 re
141 1420 160 1477 it
177 1434 308 1494 regnum.

118 1438 287 1562 g[delictum
303 1510 331 1560 et
346 1501 490 1563 desertum
504 1501 1083 1587 hoediffert,quotreitnquimurspeuu,

83 1587 240 1647 deserimur
254 1586 343 1644 inviti.
1088 1604 1103 1646 q

142 1669 282 1748 Reliquos
299 1679 327 1728 et
341 1670 469 1749 eeteros]
479 1669 730 1749 reliquosdicimus
746 1670 873 1731 relictos
891 1691 935 1735 ex
951 1674 1085 1753 omnnia,

84 1764 198 1815 ceteros
214 1771 287 1832 quos
305 1755 473 1832 excipimus.

142 1838 294 1898 Redibium
313 1855 365 1914 per
380 1837 398 1896 b
414 1847 443 1896 et
457 1837 594 1897 rediviam
610 1856 693 1917 perv
707 1837 845 1917 litteram]
856 1840 1087 1925 redibiumquod

82 1923 209 1981 nascitur
224 1920 315 1980 semel
334 1923 360 1980 in
378 1938 469 1997 anno,
491 1921 630 1981 redivium
646 1922 723 2002 quod
739 1938 830 2001 saepe
850 1926 1037 1989 revivescit.

142 2005 256 2080 Regum
273 2013 302 2063 et
317 2005 428 2083 pyram]
446 2022 516 2082 pyra
533 2006 699 2084 sacrificiis,
717 2023 808 2083 rogus
822 2003 996 2073 defunctis.
1092 2024 1109 2065 s

146 2103 355 2180 Sempiternum
385 2112 414 2162 et
451 2105 632 2184 perpetuum]
657 2103 789 2182 Nigidius
811 2105 839 2161 in
872 2104 957 2169 libro
992 2119 1089 2191 quarn

82 2189 135 2249 ait:
167 2187 381 2265 sempiternum
406 2187 614 2248 inmortalium
643 2207 762 2264 rerum,
789 2196 991 2267 perpetuum
1014 2212 1088 2257 mer

81 2272 188 2332 lolium
203 2277 268 2341 est;
290 2269 485 2347 perpetuitas
505 2272 582 2331 enim
602 2272 635 2331 in
649 2278 760 2332 nostro
781 2277 901 2334 notura
924 2282 993 2357 est,
1014 2295 1089 2361 quoe

79 2355 202 2435 perpeti
220 2353 394 2415 occidentia
415 2361 533 2433 potest,
560 2355 787 2435 sempiternitas
808 2356 938 2434 infinita
968 2370 1036 2442 est,
1057 2380 1088 2425 ee

82 2439 165 2519 quod
178 2457 307 2516 semper.
1093 2470 1111 2513 ι

145 2523 279 2582 Sedulum
295 2530 323 2580 et
341 2522 458 2600 serium]
475 2522 591 2582 sedulus
606 2525 668 2583 sine
686 2523 752 2583 dolo
768 2531 855 2583 estet
872 2532 1033 2609 strenuus,
1048 2550 1089 2593 se·

79 2608 138 2666 rius
155 2607 236 2685 quasi
254 2624 374 2664 severus
389 2615 418 2663 et
433 2624 534 2683 asper;
557 2608 649 2666 serias
665 2609 748 2668 etiam
762 2606 854 2667 dictas
870 2626 923 2669 res
949 2630 969 2674 a
986 2614 1090 2677 barba·

80 2691 119 2749 ris
141 2691 188 2770 qui
204 2691 292 2749 Seres
307 2688 499 2768 appellentur,
517 2691 667 2769 asperrimi
686 2701 714 2752 et
729 2692 902 2752 austerrimi.

142 2788 320 2846 Sceleratum
338 2786 516 2847 scelerosum
533 2796 561 2847 et
577 2788 733 2850 scelestum
748 2788 775 2849 id
790 2787 899 2870 differt]
914 2794 1090 2857 sceleratus

80 2880 125 2932 est
147 2887 199 2930 suo
222 2871 318 2948 aliquo
344 2870 458 2931 scelere
483 2874 689 2933 contaminatus
707 2873 754 2933 vel
776 2872 872 2951 aliqua
897 2882 1114 2958 contagiones

80 2953 206 3034 pollutus
230 2962 258 3012 et
279 2954 404 3025 infamis;
427 2956 575 3016 scelestus
594 2966 689 3016 autem
711 2955 853 3017 scelerum
880 2961 1040 3037 cogitator
1063 2972 1090 3027 et

80 3040 255 3105 conmissor;
283 3039 450 3100 scelerosus
478 3058 565 3117 vero,
592 3043 673 3118 quasi
702 3038 855 3101 insidiosus
878 3047 1088 3125 periculosus,
1139 3095 1140 3102 κ

78 3132 198 3201 propter
214 3120 408 3181 assiduitatem
424 3124 575 3184 scelerum.

142 3206 235 3265 Silere
251 3214 280 3264 et
294 3207 405 3285 tacere]
425 3209 472 3286 qui
493 3208 559 3268 silet
575 3206 679 3268 desinit
701 3207 797 3287 loqui,
820 3216 899 3269 tacet
914 3222 1024 3277 autem
1039 3218 1088 3297 qui
1137 3215 1139 3224 ‘

77 3288 200 3348 nondum
217 3290 324 3368 coepit.
1094 3328 1115 3373 q

137 3386 292 3469 consequi,
317 3392 442 3469 assequi,
467 3392 590 3472 insequi}
615 3393 818 3472 consequimur
834 3400 1086 3481 praecedentem,

78 3472 255 3552 assequimur
271 3473 383 3553 studio,
398 3475 571 3556 insequimur
585 3476 737 3538 inimicum.
