2286 3862
113 194 156 259 96
198 204 228 252 c.
242 199 390 252 suanam
408 196 535 256 annuc.
550 196 598 243 cu
609 194 693 243 vrrs
707 190 897 242 cassanum
911 188 989 239 nm.
1003 190 1059 239 111.

116 378 266 441 numquam
288 353 471 417 remissiores
492 351 704 430 hilarioresque
726 364 883 411 remorer
903 347 1133 429 superveniente

118 465 155 508 eo
172 446 374 523 abrumperem
391 437 444 498 sed
459 445 656 516 expugnatum
672 433 812 514 precibus
826 434 935 495 uxoris
949 430 1134 515 adoptiones

119 549 178 594 non
193 528 340 602 abnuisse,
354 522 499 584 ueletiam
516 522 672 582 ambitione
688 528 823 597 tractum,
838 525 873 579 ut
888 516 946 580 tali
962 532 1132 579 successore

119 610 343 677 desiderabilior
365 609 431 687 ipse
453 606 627 686 quaudoque
644 607 738 667 lieret.
772 601 890 666 Adduci
907 611 1023 665 tamen
1038 619 1127 685 nepum

119 703 188 781 quin
203 699 380 770 existimem,
398 690 721 772 circumspectissimum
737 699 765 751 et
781 686 1136 769 prudentissimumpmr

120 788 231 865 alpem,
245 784 274 840 in
288 786 368 839 tanto
383 778 555 857 praesertim
570 777 708 855 negotio,
724 774 793 835 nihil
809 782 928 835 temera
942 770 1081 843 fecicum
1090 768 1123 833 ul

118 870 197 929 vitiis
213 866 322 927 'liberii
344 861 557 941 virtutibusque
579 862 734 944 perpensis
758 859 896 939 potiores
912 858 1052 921 duxisse
1065 858 1127 919 virtu

118 963 181 1031 tes,
204 949 376 1031 praesertim
398 963 462 1007 cum
484 956 513 1006 et
535 948 578 1007 rei
601 964 630 1026 p.
653 962 740 1008 causa
768 943 917 1023 adoptare
944 962 986 1006 se
1010 960 1077 1005 enm
1092 959 1130 1025 pm

120 1038 258 1100 contione
283 1033 435 1108 iuraverit,
465 1040 493 1090 et
522 1032 656 1110 epistolis
677 1031 787 1110 aliquot
809 1030 1087 1109 utperitissimu
1102 1029 1132 1088 rei

118 1122 249 1184 militaris
276 1127 363 1196 utque
388 1116 503 1174 unicum
525 1115 556 1176 P.
578 1116 614 1177 lt.
641 1115 816 1195 praesidium
843 1124 1072 1195 prosequatur.
1100 1112 1141 1175 dn

121 1207 224 1285 quibus
241 1206 269 1263 iu
285 1199 450 1278 exemplum
465 1216 558 1277 pauca
573 1200 640 1261 hinc
655 1200 720 1261 inde
737 1199 859 1260 subieci.

184 1287 276 1364 Vale,
294 1282 515 1346 iucundissime
532 1283 652 1363 Tiberi,
675 1291 704 1347 et
715 1282 850 1365 feliciter
864 1302 936 1345 reru
953 1304 1057 1367 pere,
1079 1276 1133 1367 ἐμοὶ

120 1367 176 1436 καὶ
201 1378 272 1445 ταῖς
291 1371 381 1450 *μου
405 1387 458 1429 cca
478 1388 585 1432 οαιιτε
606 1364 810 1451 στρατηγῶν.
849 1364 1134 1434 [amarissimos

118 1458 166 1521 ita
179 1459 238 1519 sim
250 1456 347 1538 felia,
364 1454 414 1515 uir
425 1452 596 1534 fortissime
610 1463 639 1517 et
652 1456 718 1516 dac
732 1444 968 1535 νομιμώτατε,
985 1456 1072 1519 cale.

185 1541 331 1605 Ordinem
348 1539 536 1601 aestiuorum
550 1543 691 1604 taurum!
712 1537 780 1621 Epo
797 1555 892 1617 vero,
907 1540 958 1602 mi
978 1540 1134 1619 atoma

118 1627 199 1689 iuter
228 1634 272 1690 tot
296 1644 402 1687 remam
428 1623 630 1702 difficultates
656 1618 712 1688 καὶ
738 1614 910 1704 τοσαύτην
937 1614 1134 1709 ἆττοθομίαν

118 1709 187 1772 τῶν
209 1704 487 1792 στρατευομένων
508 1729 570 1771 aaa
585 1710 727 1791 potuisse
747 1724 933 1790 quemquam
951 1710 1134 1791 preaesse

119 1815 228 1877 perere
241 1815 276 1856 ss
290 1811 381 1875 quam
396 1800 428 1853 tu
441 1795 597 1874 pesseris,
614 1795 765 1857 existimo.
793 1790 825 1855 Ii
839 1810 969 1877 qaoque
980 1798 1042 1879 qui
1053 1803 1132 1860 tecua

117 1879 245 1961 fueruat
262 1893 365 1941 ommes
380 1877 577 1958 confiteatur,
593 1897 717 1942 uersam
732 1877 863 1941 illumin
877 1884 908 1941 tc
919 1897 1032 1961 posse
1048 1880 1120 1945 dici.-

308 1966 385 2023 Unus
403 1965 483 2022 tomo
502 1969 578 2026 nolu
599 1971 737 2046 uipilaado
756 1970 874 2025 restituit
889 1984 966 2027 rem.

183 2046 258 2108 Siue
282 2047 358 2128 qaid
380 2045 491 2110 incidit
515 2048 554 2109 de
578 2069 637 2132 pua
663 2052 704 2111 sit
725 2048 924 2130 copitaudam
944 2051 1131 2137 autpmtiu

119 2133 186 2195 sias
199 2132 274 2213 quid
291 2132 470 2194 stomachor
484 2134 587 2213 ualde,
602 2135 722 2197 medius
735 2134 846 2196 Fidias
864 2130 1035 2201 Tiberium
1049 2154 1132 2201 metm

119 2217 280 2295 desidero,
294 2217 511 2300 succurritque
523 2238 635 2282 uersas
651 2222 703 2284 iile
716 2218 902 2281 Homericam

248 2298 363 2365 Τούτου
376 2294 401 2384 y'
418 2302 607 2383 ἑσπομένοιο,
626 2305 677 2367 καὶ
695 2302 727 2366 ἐκ
743 2295 837 2387 τυρὸς
852 2302 1041 2386 ανθομένοιο

239 2382 348 2467 ’Ἀμφω
363 2381 574 2470 νοστήσαιμεν,
591 2389 654 2453 ἐπεὶ
669 2389 800 2474 περίοιδε
814 2390 932 2467 νοῆσαι.

183 2473 382 2538 Attenuatum
403 2482 433 2536 te
450 2494 519 2538 esse
536 2477 765 2540 coatimutioas
779 2472 925 2537 tatarum
943 2488 1022 2541 cum
1046 2476 1133 2542 audio

118 2563 149 2617 et
170 2558 253 2637 ispo,
270 2558 304 2618 di
317 2578 364 2620 me
375 2558 512 2639 perdurat
524 2564 588 2624 cisi
601 2561 793 2625 cohorrescit
808 2577 927 2641 corpas
940 2579 1052 2627 meam
1059 2589 1076 2639 ,·
1099 2570 1132 2627 a

120 2658 178 2721 pras
197 2661 253 2703 cro
276 2650 310 2703 ut
326 2661 449 2721 parcas
471 2645 542 2723 tibi,
567 2666 605 2709 as
618 2647 647 2708 si
662 2654 691 2709 te
705 2646 854 2728 lampaere
872 2644 1094 2729 audierimus,
1112 2652 1135 2710 ei

118 2743 175 2804 epa
192 2732 222 2786 et
232 2734 331 2787 mater
346 2736 401 2789 tua
416 2729 592 2808 expiremus
608 2740 637 2793 et
651 2731 689 2793 de
705 2748 824 2792 mmma
840 2729 954 2811 imperi
965 2732 1027 2795 sui
1037 2734 1133 2815 popu·

119 2809 168 2870 las
182 2811 219 2871 lt.
234 2810 437 2889 periclitetur.

180 2894 268 2956 Niluii
281 2896 407 2959 interest
423 2898 547 2961 ualeam
562 2901 631 2980 ipsc
644 2919 753 2979 aecae,
772 2898 802 2960 si
815 2906 847 2960 tu
862 2918 926 2962 aaa
938 2901 1083 2965 valebis.

178 2979 264 3042 Deos
279 2979 425 3063 obsecro,
449 2985 628 3047 alienabis
644 2990 826 3047 conseruerat
840 2991 870 3045 et
882 2985 996 3047 ualere
1011 2993 1137 3051 mamert

76 3072 558 3231 ²2semss5trcepszdlgnrtlugg’u3im
568 3070 657 3235 Ppriffs
671 3075 874 3233 gaelreufflmt
893 3172 977 3234 quam
996 3156 1136 3239 Agrippa

119 3237 223 3297 irruens
244 3237 429 3318 interempto.
460 3238 543 3300 Hunc
563 3240 692 3301 tribunus
716 3239 833 3299 militnm
857 3249 957 3301 custos
974 3246 1136 3323 appositus

120 3321 240 3400 occidit,
258 3322 342 3384 lectis
361 3322 514 3401 codicillis,
533 3325 636 3405 quibus
651 3333 681 3384 ut
695 3324 723 3384 id
737 3324 850 3384 iaceret
865 3322 1039 3399 iubebatur;
1057 3345 1136 3409 quos

120 3405 274 3467 codicillos
291 3406 405 3469 dubium
423 3408 490 3487 luit,
513 3409 701 3487 Augustusne
716 3409 841 3469 moriens
856 3409 1050 3493 reliquisset,
1076 3432 1135 3493 qno

118 3492 266 3552 materiam
288 3494 423 3555 tumultus
443 3502 512 3567 post
534 3512 567 3554 se
592 3493 782 3563 subduceret;
805 3511 840 3554 an
862 3496 979 3556 nomine
1001 3495 1135 3577 Augusti
