2286 3862
112 213 202 262 XVIII
454 207 660 257 PRAEFATIO.

116 372 200 430 niorto
216 372 249 426 ab
265 367 347 425 initio
362 367 521 424 mutilatum.
566 368 598 423 ld
612 367 763 438 exemplar,
781 373 977 424 conservatum
993 374 1025 425 ul

117 472 171 528 ego
195 453 326 511 existimo
346 452 379 508 in
399 451 551 508 Francia
575 452 773 522 imperante
800 449 930 507 carolo
951 452 1023 509 lla.

116 555 202 611 gno,
221 553 275 609 quo
301 536 428 609 principe
456 541 581 591 ueterum
600 535 753 590 litterarum
767 549 880 611 'novum
899 535 1024 592 studium

116 622 239 692 exarsit,
262 618 452 692 multiplicatis
469 618 604 690 exemplis
621 617 744 673 describi
759 623 901 689 coeptum,
923 634 1024 676 eornm

117 722 189 777 qnae
217 705 249 761 ad
279 719 331 760 nos
352 708 539 775 pervenerunt
567 701 686 757 omnium
711 701 861 758 communis
881 701 963 773 origo
989 710 1022 759 et

116 789 195 860 qnasi
218 804 321 860 parens
339 787 506 842 factumest.
550 786 647 856 ltaque
670 786 785 841 saeculo
801 779 907 857 nouol)
929 786 1021 858 prima

114 878 182 945 post
196 866 388 942 migrationem
402 869 525 938 gentium
544 868 721 940 reperiuntur
735 868 857 938 vestigia
872 869 969 940 operis
985 869 1022 926 de

86 986 91 996 ν
114 955 172 1012 rita
188 955 337 1010 Caesarum
351 953 418 1009 lecti
435 952 506 1008 etin
523 969 600 1008 nsum
615 952 754 1007 conversi.
786 952 821 1007 Et
838 952 956 1008 circiter
971 970 1023 1010 an-

114 1055 177 1094 nnrn
196 1038 304 1110 quidem
318 1044 372 1097 830
383 1036 585 1091 Einhardus
600 1035 629 1091 iu
643 1051 758 1091 recessu
776 1035 1022 1106 Soligenstadensi

113 1120 142 1178 in
157 1122 230 1178 saltu
246 1120 399 1177 odanwald
416 1118 501 1174 vitum
517 1117 610 1175 Caroli
624 1119 716 1189 llagni
739 1119 925 1191 conseripsit,
947 1120 1021 1177 Sue-

113 1206 184 1263 tonii
207 1204 374 1261 Caesaribus
403 1208 431 1258 et
461 1202 615 1274 praecipue
641 1201 704 1258 nivi
728 1202 849 1273 Augusti
877 1203 939 1260 vitu
965 1210 1021 1261 tam

114 1295 228 1346 strenue
244 1303 327 1356 usus,
351 1293 382 1342 nt
401 1302 456 1342 non
470 1287 552 1342 modo
569 1301 675 1342 omnem
690 1285 779 1341 libelli
800 1286 1018 1359 descriptionem

115 1373 166 1429 scd
182 1371 264 1428 etiarn
280 1371 405 1442 integras
420 1371 494 1426 haud
509 1385 575 1426 raro
593 1369 746 1426 sententias
761 1369 827 1425 iude
842 1370 1016 1442 repetiverit,

115 1459 144 1512 ct
165 1470 381 1526 nonnumquam,
402 1460 433 1509 ut
451 1454 505 1510 iam
520 1452 699 1510 Gasaubouus
721 1452 870 1523 iudicavit,
894 1454 1019 1511 imitandi

114 1541 207 1597 studio
234 1555 301 1595 suae
331 1538 467 1595 historiae
494 1537 641 1597 veritatem
666 1543 861 1608 transgressus
889 1554 954 1594 cecc
977 1537 1021 1594 vi-

115 1624 221 1680 deatur.
272 1621 376 1678 liudem
403 1622 516 1677 saeculo
541 1620 616 1675 Vllll
646 1620 739 1676 medic
769 1620 902 1678 Servatus
929 1622 1021 1694 lupus

115 1707 196 1777 epist.
218 1711 251 1765 91
278 1721 304 1775 p.
329 1708 378 1762 137
405 1704 449 1758 ed.
472 1704 564 1758 Balun.
590 1702 751 1758 Suetonium
770 1703 959 1775 Tranquillum
985 1705 1022 1761 ds

113 1786 352 1854 similaceum,
374 1786 420 1856 cni
440 1786 514 1857 apud
527 1785 680 1842 Fuldensee
698 1786 726 1840 in
743 1786 812 1843 duos
830 1804 883 1843 nec
903 1804 1022 1859 magnos

114 1869 229 1928 codices
247 1868 355 1925 divisus
371 1873 506 1937 exstaret,
521 1868 574 1924 sibi
591 1868 660 1924 milti
675 1869 767 1938 iussit,
783 1871 912 1942 quonium
923 1871 954 1927 in
971 1888 1021 1929 sue

113 1953 258 2010 vicinitate
279 1948 347 2026 (luit
372 1958 461 2008 autern
484 1953 570 2008 albas
592 1952 737 2009 Ferrariae
760 1953 790 2008 in
806 1954 933 2011 dioecesi
955 1954 1022 2012 Gal-

113 2036 171 2093 liae
186 2033 358 2109 senonensi)
374 2037 477 2091 nullum
491 2036 663 2092 inveniretur
679 2037 842 2108 exemplum.
874 2039 1022 2096 Postremo

114 2126 244 2191 superest
258 2119 342 2175 hodie
358 2135 468 2191 qnoque
485 2119 660 2177 Memmiunus
676 2121 766 2176 codex
781 2121 900 2177 omnium
915 2123 964 2193 qui
978 2122 1022 2178 in-

113 2203 190 2260 venti
205 2209 269 2259 sunl
289 2210 317 2260 el
331 2203 537 2275 antiquissimus
554 2209 581 2259 et
596 2205 732 2276 optimus,
754 2205 801 2275 qui
817 2222 888 2261 nunc
904 2206 1024 2263 Parisiis

114 2294 276 2344 asservatur
301 2304 414 2344 numero
437 2294 505 2349 6115
528 2288 691 2358 distinctus,
723 2288 773 2342 sed
796 2287 861 2342 olim
881 2288 909 2343 in
930 2289 1023 2346 'luro-

114 2373 195 2429 nensi
211 2373 237 2430 S.
251 2372 361 2429 llartini
380 2372 518 2428 coenobio
533 2371 645 2426 Alcuini
661 2369 788 2426 doctrina
803 2371 952 2430 nobilitato
970 2391 1023 2430 ex-

113 2458 221 2524 stabat,
239 2458 353 2512 sacculo
369 2455 445 2509 Vllll
460 2459 578 2508 excunte
594 2452 724 2524 scriptus.

172 2538 379 2608 Insequentium
399 2536 565 2607 scriptorum
587 2535 663 2605 digni
689 2542 752 2591 sunt
772 2536 818 2608 qui
839 2544 956 2610 propter
976 2542 1023 2599 ia-

113 2620 300 2676 miliaritatem
327 2618 454 2674 Suetonii
480 2618 653 2674 nominentur
681 2619 800 2676 loannes
819 2621 1022 2682 Saresberion-

113 2705 153 2759 sis
183 2703 212 2758 in
241 2701 408 2759 Policratico
430 2701 458 2757 S.
482 2700 549 2771 XII,
575 2701 738 2760 Vincentius
759 2704 968 2764 Bellovaoensis
991 2709 1022 2765 in

110 2816 313 2826 -—---—-—

111 2875 136 2916 et
151 2882 177 2932 p.
199 2865 256 2927 105,
276 2867 310 2915 24
328 2866 371 2915 ubi
390 2867 416 2914 in
435 2864 584 2915 Memmiana
599 2866 661 2916 libro
676 2868 712 2916 sic
731 2867 862 2917 scribitur:

307 2936 310 2942 ’
349 2950 468 2986 uncorum
481 2942 624 2987 aenatorum
642 2937 697 2986 ino·

348 3006 429 3068 Ppr'a
445 3011 492 3052 etc.

110 3072 164 3121 lllic
182 3073 307 3137 integrum
326 3072 490 3135 vocabulum,
507 3070 549 3126 hic
566 3085 642 3120 unam
662 3071 770 3122 litteram
786 3072 867 3137 primo
885 3073 940 3124 loco
959 3089 1018 3126 ver·

110 3141 183 3190 siculi
200 3148 293 3190 motam
310 3142 424 3191 arbitror.

178 3207 207 3273 6)
222 3209 331 3259 Maxime
350 3210 459 3261 notabile
477 3217 516 3260 est
532 3210 638 3260 Paulum
651 3210 790 3261 Diaconum
808 3209 919 3261 Suetonii
939 3212 1017 3277 plane

110 3280 226 3344 ignarum
242 3279 335 3338 videri;
355 3278 430 3344 (Hier.
451 3279 522 3331 misc.
540 3281 573 3341 6,
594 3279 635 3331 16.
658 3281 687 3341 7,
711 3279 754 3333 20.
779 3281 808 3339 9,
832 3279 848 3328 2
871 3294 905 3330 ex
926 3278 1017 3332 Oresio

108 3346 247 3411 descripte)
265 3363 347 3411 neque
367 3349 433 3397 enim
451 3349 537 3399 dubito
557 3349 616 3412 quin
632 3350 654 3399 ei
672 3348 740 3398 hunc
758 3348 886 3410 novisset,
912 3349 940 3398 iu
955 3363 1017 3399 con·
1050 3366 1057 3389 r

108 3417 259 3466 sarcinanda
280 3432 327 3467 sua
345 3432 411 3468 auno
432 3418 529 3468 circiter
549 3417 600 3469 780
617 3417 728 3469 Historia
745 3417 857 3468 Miscella
872 3417 1016 3469 uberrimos

106 3483 166 3535 hinc
184 3485 281 3536 fructus
302 3486 477 3554 decerpsisset.
