2286 3862
410 210 516 260 mvns
536 212 725 261 accusans.
1041 203 1081 265 53

75 366 273 447 superposuit,
303 364 469 425 translatam
494 384 512 425 e
537 367 632 443 curia,
661 368 690 425 in
719 384 773 446 qua
799 365 832 425 (3.
856 365 968 427 Caesar
987 368 1082 430 inerat

76 469 200 510 occisus.

132 534 274 614 Pleraque
304 532 423 612 pessimi
450 534 577 612 exempli
613 536 642 594 in
668 535 826 615 perniciem
859 534 1005 613 publicam
1034 545 1123 600 auidi

73 638 110 677 ex
142 616 351 678 consuetudine
380 616 554 695 licentiaque
587 617 730 678 bellorum
758 618 883 679 civilium
901 619 1081 680 duraverant

42 711 121 762 cant
136 721 190 782 per
210 719 313 780 pacem
338 701 424 761 etiam
444 702 614 771 extiterant;
646 720 711 762 narn
731 711 762 762 et
780 720 884 781 grassa
905 712 998 764 torum
1016 703 1080 783 plo·

71 787 134 845 rimi
162 785 257 864 palam
282 803 318 844 se
343 783 477 845 ferebant
505 785 646 844 succincti
672 786 769 863 terro,
804 788 884 866 quasi
914 787 1012 847 tuendi
1038 789 1081 848 sui

73 887 176 946 eausa,
207 879 237 929 et
266 870 342 948 rapti
363 888 418 949 per
441 885 529 947 agros
551 869 681 930 viatores
707 871 771 930 sine
802 870 965 932 discrimine
994 871 1080 931 liberi

72 954 209 1032 servique
222 953 379 1032 ergastulis
396 970 601 1033 possessorum
618 940 884 1033 supprimebantur,
898 964 928 1015 et
940 956 1081 1036 plurimae

70 1038 215 1097 factiones
230 1037 313 1097 titulo
329 1036 439 1114 collegi
459 1038 528 1097 novi
552 1037 587 1098 ad
604 1037 709 1098 nullius
725 1056 782 1098 non
797 1038 937 1098 facinoris
957 1040 1079 1099 societa-

28 1140 60 1180 ιο
72 1132 130 1182 tem
148 1120 272 1182 coibant.
296 1121 387 1199 Igitur
403 1129 586 1199 grassaturas
602 1121 753 1202 dispositis
766 1131 997 1202 peropportuna
1013 1122 1082 1182 loca

71 1205 240 1266 stationibus
261 1205 395 1283 inhibuit,
423 1206 572 1283 ergastula
591 1208 783 1285 recognovit,
806 1206 934 1283 collegia
963 1214 1081 1284 praeter

71 1292 185 1369 antiqua
202 1299 232 1349 et
245 1290 375 1368 legitima
392 1289 534 1350 dissolvit.
569 1290 694 1352 Tabulas
710 1300 840 1351 veterum
857 1292 952 1352 aerari
968 1288 1079 1350 debito·

70 1392 148 1450 rum,
163 1372 211 1432 vel
227 1376 412 1451 praecipuam
428 1373 616 1433 calumniandi
630 1377 796 1451 materiam,
817 1376 928 1434 exussit
934 1398 941 1444 ;
966 1374 1035 1435 loca
1051 1375 1079 1432 in

70 1456 143 1517 urbe
166 1455 284 1535 publica
305 1457 374 1515 iuris
396 1455 538 1532 ambigui,
564 1456 786 1534 possessoribus
807 1457 993 1525 adiudicavit;
1020 1456 1079 1515 diu·

29 1560 60 1599 15
71 1552 220 1601 turnorum
234 1557 350 1600 reorum
365 1548 446 1598 etex
461 1556 581 1618 quorum
596 1538 729 1599 sordibus
745 1539 815 1600 nihil
838 1539 913 1598 aliud
930 1556 1014 1617 qnam
1029 1555 1079 1598 vo·

70 1627 166 1703 luptas
182 1625 305 1683 inimicis
319 1631 510 1703 quaereretur
527 1624 640 1684 nomina
659 1623 802 1701 abolevit,
821 1623 994 1682 condicione
1010 1639 1078 1702 pro·

70 1711 176 1790 posita,
196 1717 227 1768 ut
242 1710 266 1767 si
282 1726 366 1787 quem
379 1708 444 1787 quis
460 1717 598 1787 repetere
610 1708 709 1786 vellet,
727 1726 780 1787 par
792 1706 952 1787 periculum
964 1723 1079 1786 poenae

70 1793 191 1854 subiret.
228 1792 274 1852 Ne
295 1793 373 1873 quod
393 1799 488 1852 autem
511 1793 682 1853 maleficium
707 1795 893 1871 negotiumve
921 1790 1079 1870 inpunitate

70 1878 118 1938 vel
133 1895 214 1937 mora
229 1876 409 1953 elaberetur,
436 1878 552 1954 triginta
568 1877 689 1957 amplius
705 1876 782 1952 dies,
805 1878 853 1956 qui
867 1875 1020 1937 honoraris
1036 1873 1078 1934 lu·

29 1982 60 2020 oo
71 1962 115 2022 dis
135 1960 369 2041 occupabantur,
386 1963 461 2020 actui
476 1979 573 2020 rerum
591 1961 828 2022 accommodavit.
861 1960 908 2020 Ad
933 1961 986 2020 tris
1008 1958 1077 2019 iudi·

71 2064 134 2106 cnm
155 2045 287 2104 decurias
310 2053 440 2123 quartam
460 2045 567 2105 addidit
587 2064 625 2105 ex
644 2046 782 2106 inferiore
805 2063 910 2122 censu,
932 2062 1006 2124 quae
1027 2042 1080 2102 du·

72 2130 253 2189 cenariorum
282 2137 439 2189 vocaretur
466 2129 663 2209 iudicaretque
691 2129 727 2190 de
759 2129 919 2190 levioribus
950 2129 1075 2188 summis.

70 2213 185 2274 ludices
201 2214 390 2273 avicensimo
406 2214 508 2272 aetatis
531 2232 604 2274 anno
620 2214 743 2292 adlegit,
770 2213 799 2273 id
823 2222 868 2273 est
884 2213 1077 2292 quinquennio

69 2300 206 2358 maturius
228 2315 312 2376 quam
332 2296 477 2357 solebant.
512 2297 558 2358 Ac
580 2297 730 2378 plerisque
751 2280 894 2358 radbaldi
913 2314 1014 2356 munus
1029 2294 1077 2354 de·

30 2381 277 2460 retractantibus,
298 2383 347 2441 vin
362 2382 511 2442 concessit
529 2391 559 2442 nt
575 2382 697 2460 singulis
713 2382 839 2443 decuriis
860 2400 914 2462 per
929 2381 1012 2439 vices
1028 2397 1075 2439 an·

69 2485 126 2526 nna
145 2467 259 2527 vacatio
282 2474 375 2544 esset,
398 2475 428 2525 et
447 2476 477 2525 ut
498 2467 602 2527 solitae
624 2468 672 2545 agi
687 2465 848 2528 Novembri
871 2484 906 2526 ac
921 2461 1078 2525 Decembri

70 2569 234 2611 manseres
250 2551 458 2612 omitterentur.
494 2549 563 2631 lpse
584 2552 627 2611 ius
649 2551 720 2612 dixit
733 2551 849 2612 assiduo
872 2551 944 2610 etin
959 2555 1075 2608 noctem
1085 2555 1120 2610 33

69 2652 294 2714 nonnumquam,
310 2637 449 2714 siparum
466 2653 594 2716 corpore
609 2637 737 2712 valeret,
753 2636 859 2696 lectica
872 2653 925 2716 pro
943 2631 1078 2695 tribunali

70 2719 215 2780 collocata
240 2719 288 2780 vel
311 2720 397 2780 etiam
419 2719 494 2780 domi
516 2719 633 2781 cubans.
672 2720 751 2780 Dixit
773 2729 866 2780 autem
884 2721 927 2780 ius
941 2737 999 2780 non
1014 2715 1076 2777 dili·

31 2819 59 2857 no
72 2804 172 2880 gentia
188 2803 273 2864 modo
288 2821 396 2864 summa
416 2805 469 2865 sed
492 2813 520 2865 et
535 2805 672 2882 lenitate,
695 2804 835 2885 siquidem
849 2804 995 2865 manifesti
1011 2819 1076 2881 par·

69 2886 162 2945 rioidii
176 2906 272 2965 reum,
294 2906 331 2948 ne
347 2887 442 2949 culleo
459 2892 636 2967 innueretur,
662 2889 739 2968 qnod
754 2890 868 2950 nonnisi
883 2887 1012 2955 confessi
1028 2884 1076 2946 ad·

70 2972 202 3030 ficiuntur
224 2971 280 3031 bac
306 2990 416 3051 poena,
438 2974 477 3034 ita
496 2974 589 3033 fertur
608 2975 826 3051 interrogasse:
853 2980 935 3034 certe
952 2977 1076 3051 putrem

69 3062 152 3114 tuum
171 3073 235 3116 oon
256 3055 420 3117 occidisti?
451 3057 489 3118 Et
516 3076 578 3117 cum
600 3058 637 3118 de
652 3058 728 3118 falso
748 3067 922 3120 testamento
939 3063 1077 3133 ageretur

69 3156 229 3218 omnesque
249 3142 415 3218 signatores
437 3141 507 3219 lege
530 3139 666 3203 Cornelia
687 3151 871 3220 tenerentur,
896 3160 954 3202 non
970 3147 1077 3201 tantum

31 3223 140 3283 arduas
162 3223 305 3300 tabellas,
333 3225 538 3287 damnatoriam
559 3236 589 3287 et
612 3226 834 3304 absolutoriam,
859 3226 942 3287 simul
966 3240 1075 3301 cogno-

68 3308 217 3368 scentibus
240 3308 335 3386 dedit,
357 3309 409 3370 sed
432 3312 544 3371 tertiam
565 3328 699 3391 quoque,
726 3329 781 3391 qua
803 3313 1010 3389 ignosceretur
1029 3309 1075 3385 iis,

68 3409 142 3470 qnos
162 3393 262 3455 fraude
282 3394 318 3454 ad
338 3394 507 3472 signandum
528 3396 575 3456 vel
604 3412 705 3456 errore
731 3396 865 3456 inductos
888 3393 1074 3456 constitisset.

66 3477 292 3556 Appellationes
305 3487 375 3559 quot
390 3482 471 3542 annis
485 3479 657 3542 urbanorum
670 3481 785 3561 quidem
800 3480 976 3558 litigatorum
990 3494 1074 3558 prae·
