2286 3862
409 197 513 246 ornus
530 197 713 249 cuauurus.
1003 165 1062 255 163

59 352 234 436 quaestoriis
255 353 469 432 praetoriisque
493 354 667 414 ornamentis
683 354 819 416 honorari
839 356 933 418 libens
959 377 1062 439 passus

61 448 122 508 est;
145 445 251 496 tantum
270 444 424 514 praeterea
442 435 596 514 adquirere
619 446 647 497 et
669 457 790 517 rapere,
813 450 843 501 ut
864 452 1004 520 querente
1024 460 1060 504 eo

62 520 203 602 quondam
219 519 256 580 de
271 520 335 579 lisci
353 520 510 597 exiguitate
519 537 577 579 ncn
589 521 712 582 absurde
728 523 832 583 dictum
849 527 901 602 sit,
919 525 1059 588 abundo·

60 612 175 682 marna,
192 604 223 665 si
236 620 257 664 a
272 603 393 664 cantas
404 602 523 664 libertis
539 605 571 665 in
581 606 768 667 consortium
781 607 980 686 reciperetur.
998 611 1103 690 Hispa

30 699 88 751 sut
105 689 180 767 dixi,
200 687 398 767 uxoribusque
414 687 561 766 addictus,
583 707 639 749 non
657 690 818 770 principem
839 711 887 769 se,
911 694 963 754 sed
982 697 1061 754 mini·

57 784 149 835 strum
165 774 244 850 egit,
261 771 432 850 compendio
451 775 589 851 cuiusque
605 772 704 832 horum
722 775 769 834 vel
787 778 871 837 etiam
897 778 990 838 studio
1015 788 1062 839 aut

57 858 179 920 libidine
198 855 324 917 bonores
341 858 488 915 exercitus
505 858 687 934 impunitates
706 859 848 938 supplicia
870 861 990 939 largitus
1007 872 1060 940 est,

60 940 218 1022 etquidem
236 941 363 1001 insciens
383 939 553 1019 plerumque
568 949 597 1000 et
611 942 737 1018 ignarus.
781 943 826 1003 Ac
842 962 879 1003 ne
896 947 1061 1023 singillatim

57 1028 169 1087 minora
191 1042 307 1105 quoque
329 1042 510 1101 enumerem,
537 1034 691 1086 revocatas
711 1026 902 1087 liberalitates
926 1033 1002 1106 eius,
1020 1033 1060 1089 iu-

16 1128 45 1169 10
58 1112 133 1172 dicia
154 1110 299 1186 rescissa,
321 1109 491 1187 suppositos
511 1111 659 1170 autetiam
681 1111 774 1189 palam
798 1114 959 1173 immutatos
982 1113 1060 1175 dato·

56 1216 118 1256 rum
132 1195 294 1255 ciliciorum
304 1191 475 1254 codicillos:
489 1192 614 1272 Appium
627 1195 752 1255 Silanum
766 1213 957 1257 consocerum
969 1216 1060 1275 suum,

56 1280 203 1357 Iuliasque
223 1278 343 1339 alteram
362 1277 466 1354 Drusi,
488 1278 608 1338 alteram
629 1276 790 1340 Germanici
811 1281 913 1358 liliam,
944 1286 1060 1343 crimine

58 1366 171 1424 incerto
186 1379 243 1421 nec
259 1360 429 1422 defensione
444 1361 503 1422 ulla
518 1361 582 1422 data
598 1361 720 1439 occidit,
736 1365 803 1423 item
816 1363 875 1424 GN.
893 1366 1060 1446 Pompeium

59 1446 178 1508 maioris
189 1444 266 1506 iiliae
282 1447 390 1523 virum,
408 1455 437 1505 et
450 1446 482 1506 h.
500 1446 626 1506 Silanum
638 1447 756 1506 minoris
771 1466 917 1525 sponsum.
941 1449 987 1508 Ex
1000 1450 1060 1527 qui·

19 1542 48 1584 ¹⁵
60 1531 115 1592 bus
129 1530 284 1609 Pompeius
296 1530 323 1589 in
336 1531 490 1591 concubitu
506 1530 604 1589 dilecti
616 1529 824 1591 adulescentuli
839 1532 993 1591 confossus
1006 1540 1059 1607 est,

59 1615 174 1677 Silanus
185 1613 321 1676 abdicare
337 1633 369 1674 se
384 1624 519 1695 praetura
535 1623 601 1673 ante
617 1612 680 1673 1111.
696 1613 742 1675 hl.
757 1614 816 1675 lan.
833 1616 964 1694 morique
980 1617 1060 1674 initio

58 1701 124 1761 anni
141 1708 277 1777 coactus,
299 1698 346 1759 die
369 1701 435 1778 ipsc
453 1698 564 1760 Claudii
583 1707 612 1758 et
626 1698 809 1778 Agrippinae
828 1701 997 1779 nuptiarum.
1027 1698 1061 1758 lu

58 1786 184 1864 quinque
209 1792 238 1843 et
261 1784 379 1861 triginta
402 1792 554 1844 senatores
577 1792 784 1862 trecentosque
805 1784 927 1864 amplius
948 1785 1061 1863 equites

56 1870 92 1930 R.
109 1877 186 1930 tanta
207 1867 348 1929 facilitate
373 1867 588 1945 animadvertit,
613 1877 658 1946 ut,
681 1868 717 1928 de
733 1886 807 1928 nece
829 1868 992 1928 consularis
1007 1869 1061 1928 viri

16 1968 47 2009 ao
57 1955 238 2013 renuntiante
254 1952 425 2011 centurione
440 1953 546 2013 facturn
561 1971 627 2012 esse
642 1952 719 2032 quod
735 1954 923 2033 imperasset,
939 1960 1061 2030 negaret

60 2037 212 2115 quicquam
228 2051 261 2093 se
278 2036 455 2114 imperasse,
472 2036 561 2097 nihilo
573 2039 666 2096 minus
681 2055 742 2097 rem
755 2038 968 2117 comprobaret,
984 2037 1060 2097 ailin-

58 2117 202 2178 mantibus
222 2117 334 2178 libertis
362 2119 460 2179 ollicic
481 2121 586 2182 milites
608 2122 740 2197 iunctos,
771 2121 847 2200 quod
867 2121 903 2181 ad
923 2122 1061 2182 ultionem

58 2203 244 2281 imperatoris
256 2202 331 2263 ultro
344 2207 605 2283 procucurrissent.
621 2205 694 2266 Nam
706 2205 776 2264 illud
789 2222 901 2265 omnem
915 2206 998 2266 fidem
1011 2223 1060 2264 ex·

59 2288 184 2349 cesserit
195 2286 272 2367 quod
284 2289 407 2368 nuptiis,
424 2307 494 2368 quas
506 2290 662 2350 Messalina
678 2307 741 2349 curn
753 2289 883 2349 adultero
897 2290 968 2349 Silio
981 2290 1059 2348 sece-

16 2392 47 2432 re
57 2382 112 2449 rat,
125 2370 247 2433 tabellas
257 2372 331 2432 dotis
344 2374 445 2451 etipse
455 2375 680 2451 consignaverit,
693 2373 834 2450 inductus,
847 2375 928 2452 quasi
938 2373 974 2433 de
982 2372 1058 2433 indu·

58 2457 128 2516 stria
147 2455 347 2517 simularentur
373 2457 409 2517 ad
432 2457 618 2518 avertendum
641 2458 927 2537 transferendumque
947 2460 1059 2536 pericu-

58 2541 131 2617 lum,
148 2540 224 2618 quod
240 2542 389 2602 imminere
405 2543 461 2621 ipsi
477 2560 530 2621 per
546 2540 685 2622 quaedam
699 2550 811 2603 ostenta
827 2543 1058 2621 portenderetur.

119 2623 285 2687 Auctoritas
304 2627 489 2704 dignitasque
505 2627 614 2686 formae
637 2644 694 2686 non
717 2626 829 2686 defuit*
845 2627 893 2687 vel
909 2626 995 2686 stanti
1011 2626 1102 2694 velao

56 2708 169 2769 sedenti
185 2728 219 2770 ac
236 2712 396 2790 praecipue
418 2712 594 2789 quiescenti;
625 2713 705 2790 (nam
728 2720 757 2771 et
777 2712 892 2790 prolixo
915 2729 971 2770 nec
991 2710 1059 2770 exili
1091 2788 1094 2792 .

16 2814 46 2855 co
58 2809 185 2871 corpore
202 2804 281 2870 erat,
298 2804 327 2853 et
339 2794 441 2872 specie
455 2796 616 2874 canitieque
629 2795 744 2873 pulcra,
761 2795 863 2874 cpImis
879 2793 1058 2874 cervicibus)

58 2886 187 2937 ceterum
210 2886 239 2936 et
259 2876 474 2953 ingredientem
495 2878 688 2939 destituebant
708 2878 837 2959 poplites
863 2880 954 2939 minus
977 2879 1059 2955 sirmi,

57 2971 86 3021 et
102 2962 225 3020 remisse
240 2959 309 3037 quid
320 2959 369 3018 vel
385 2962 462 3021 serio
475 2971 610 3039 agentern
621 2963 708 3022 multa
724 2961 968 3023 dehonestabant:
984 2963 1060 3020 risus

56 3044 212 3119 indecens,
238 3042 281 3101 ira
307 3043 421 3119 turpior
449 3054 598 3122 spumante
627 3047 715 3123 rictu,
743 3047 904 3107 umentibus
930 3045 1057 3118 naribus,

57 3134 213 3205 praeterea
228 3124 346 3202 linguae
363 3125 527 3202 titubantia,
552 3138 695 3207 caputque
718 3147 782 3189 cum
799 3149 930 3210 semper,
958 3139 1016 3188 turn
1031 3130 1059 3186 in

16 3235 45 3276 35
58 3207 322 3290 quantulocumque
337 3218 403 3269 actu
419 3210 466 3270 vel
480 3212 603 3271 maxime
618 3211 777 3273 tremulum.
804 3214 970 3277 Valitudine
985 3213 1101 3278 sicutal

56 3295 125 3355 clirn
140 3295 234 3372 gravi,
251 3295 289 3354 ita
307 3294 446 3374 princeps
463 3311 605 3374 prospera
620 3315 688 3356 usus
704 3306 760 3375 est,
776 3309 902 3378 excepto
919 3295 1058 3357 stomachi

56 3379 177 3456 dolore,
195 3396 252 3459 quc
268 3395 301 3439 se
317 3387 484 3457 correptum
502 3381 585 3440 etiam
601 3380 637 3441 de
650 3383 858 3443 consciscenda
872 3390 966 3442 morte
978 3380 1059 3457 cogi-

56 3472 135 3523 tasse
150 3462 230 3525 dixit.

825 3549 887 3611 11*
