2334 3870
534 219 707 267 uressuos.
1047 209 1108 274 113

102 373 259 455 nepotibus
281 391 419 453 parsurus
438 372 580 450 creditur,
597 385 707 436 comet
725 374 825 438 Gaium
841 384 1008 455 suspectum
1020 376 1107 439 babe-

88 469 163 537 ret,
189 468 219 519 at
239 457 386 519 Tiberium
412 466 441 516 ut
469 474 505 516 ex
530 458 671 520 adulterio
701 469 877 541 conceptum
894 470 1107 540 aspernaretur.

100 544 164 604 Neo
184 543 324 605 abhorret
345 562 362 604 a
382 560 471 611 vero;
497 559 618 622 namque
637 544 793 606 identidem
811 545 933 624 felicem
953 543 1109 608 Priamum

99 628 245 704 vocabat,
264 627 348 706 quod
363 633 523 704 superstes
537 628 669 688 omnium
684 647 811 691 suorum
829 630 991 691 extitisset,

74 729 86 767 a
162 715 255 788 Quam
274 714 350 770 inter
369 711 443 771 haec
465 728 523 770 non
541 711 628 771 modo
654 714 761 773 invisus
786 732 820 775 ao
836 714 1036 793 detestabilis,
1059 713 1153 780 aedos

98 794 304 876 praetrepidus
316 813 432 875 quoque
444 804 531 874 atque
544 795 630 853 etiam
642 798 822 857 contumeliis
836 799 979 859 obnoxius
991 800 1109 877 vixerit,

99 881 189 940 multa
210 879 316 940 indicia
329 889 403 940 sunt.
436 878 619 958 Haruspices
633 889 750 940 secreto
769 898 803 939 ac
819 885 882 941 sine
896 883 1019 942 testibus
1039 900 1108 944 con·

100 964 156 1024 suli
178 965 278 1023 vetuit.
307 965 410 1024 Vicina
426 982 496 1024 vero
513 963 578 1023 urbi
595 963 713 1023 oracula
730 966 815 1024 etiarn
830 966 970 1025 dissicere
988 976 1109 1028 conatus

99 1057 160 1124 est,
182 1048 234 1107 sed
252 1050 403 1109 maiestate
423 1048 677 1108 Praenestinarum
702 1051 822 1108 sortium
846 1050 963 1110 territus
990 1049 1110 1126 destitit,

62 1154 88 1192 ro
99 1151 163 1194 cunr
183 1132 350 1210 obsignatas
374 1133 575 1213 deuectasque
587 1131 707 1192 Romam
725 1151 783 1194 non
799 1134 983 1213 repperisset
997 1135 1025 1193 in
1043 1152 1111 1195 arca

97 1219 153 1277 nisi
173 1217 264 1277 relata
286 1237 386 1276 rursus
407 1217 442 1276 ad
457 1218 605 1296 templum.
637 1217 730 1278 Unum
745 1229 774 1278 et
789 1219 911 1280 alterurn
925 1220 1108 1295 consulares,

98 1303 204 1363 oblatis
220 1303 380 1378 provinciis
395 1318 452 1359 non
467 1319 554 1359 ausus
569 1319 585 1359 a
600 1319 632 1369 se
647 1302 801 1380 dimittere,
817 1323 909 1382 nsque
924 1321 961 1363 eo
978 1303 1108 1383 detinuit,

99 1388 196 1444 donec
222 1400 414 1441 successores
439 1393 508 1458 post
535 1383 646 1457 aliquot
674 1402 765 1442 annos
786 1389 988 1461 praesentibus
1009 1388 1108 1455 daret3

101 1486 166 1528 oum
192 1467 306 1524 interim
331 1472 463 1522 manente
488 1464 578 1523 oflicii
599 1464 681 1522 titulo
706 1468 792 1523 etiam
813 1469 966 1543 delegaret
988 1470 1111 1544 plurima

66 1549 232 1626 rsassidue,
257 1566 331 1628 quae
354 1547 396 1605 illi
420 1564 473 1624 per
494 1546 609 1622 legatos
632 1555 660 1604 et
683 1545 828 1607 adiutores
849 1567 918 1608 suos
938 1548 1110 1626 exequenda

101 1643 245 1695 curarent.
272 1632 380 1692 Nurum
400 1649 435 1691 ac
453 1639 578 1709 nepotes
597 1648 750 1708 numquam
771 1631 855 1690 aliter
870 1641 937 1710 post
953 1631 1153 1706 damnatio-64

98 1738 165 1780 nem
180 1737 263 1798 quam
279 1726 428 1777 catenatos
445 1715 606 1792 obsutaque
622 1715 727 1776 lectica
743 1715 812 1776 loco
826 1718 931 1793 movit,
955 1715 1109 1794 prohibitis

98 1824 153 1884 per
175 1805 293 1863 militem
317 1802 411 1862 obviis
436 1818 471 1860 ac
492 1800 651 1860 viatoribus
671 1803 824 1881 respicere
840 1819 961 1880 usquam
975 1800 1024 1860 vel
1041 1818 1109 1862 oon·

98 1892 213 1949 sistere.

61 1996 88 2034 ao
162 1974 297 2032 Seianum
318 1989 367 2029 res
388 1988 480 2030 novas
502 1969 688 2047 molientem,
711 1972 840 2049 quamvis
858 1972 913 2030 ianr
934 1980 963 2032 et
984 1970 1150 2042 natalem65

99 2059 163 2117 eius
177 2056 296 2135 publice
314 2054 458 2113 celebrari
475 2063 504 2112 et
518 2056 659 2131 imagines
676 2072 780 2114 aureas
794 2054 852 2115 ooli
864 2058 972 2133 passim
984 2055 1106 2136 videret,

98 2145 148 2202 vix
167 2141 280 2200 tandem
299 2147 328 2197 et
343 2147 405 2197 astu
421 2138 513 2214 magis
527 2154 562 2196 ao
579 2137 646 2198 dolo
663 2157 747 2216 quam
761 2140 915 2218 principali
936 2142 1108 2202 auctoritate

98 2227 251 2287 subvertit.
282 2223 354 2284 Nam
371 2225 483 2301 primo,
508 2230 538 2279 ut
559 2239 575 2281 a
589 2239 621 2280 se
636 2239 690 2299 per
705 2226 835 2300 speciem
849 2224 971 2283 bonoris
988 2222 1107 2285 dimitte·

98 2321 162 2388 ret,
179 2310 326 2386 collegam
341 2307 396 2366 sibi
409 2307 568 2384 adsumpsit
581 2307 610 2366 in
625 2308 723 2385 quinto
736 2309 902 2385 consulatu,
922 2326 1006 2387 quem
1018 2308 1108 2386 longo

61 2405 89 2446 ²5
100 2395 256 2455 intervallo
274 2392 380 2453 absens
396 2391 785 2470 obidlpsumsnsoeperat.
816 2393 927 2453 Deinde
944 2411 997 2472 spe
1018 2392 1108 2453 affini·

99 2483 167 2541 tatis
187 2499 222 2541 ac
237 2478 407 2539 tribuniciae
422 2479 576 2557 potestatis
593 2475 748 2554 deceptum
762 2479 959 2558 inopinantem
979 2479 1107 2538 crimina·

98 2575 144 2626 tus
161 2574 206 2624 est
222 2563 355 2643 pudenda
369 2559 590 2641 miserandaque
607 2563 754 2640 oratione,
772 2581 835 2622 oum
851 2564 925 2622 inter
938 2563 993 2624 alia
1009 2572 1107 2644 patres

100 2651 285 2728 conscriptos
307 2658 494 2729 precaretur,
519 2650 666 2708 mitterent
684 2647 805 2707 alterum
822 2667 838 2708 e
854 2649 1037 2726 consulibus,
1059 2650 1107 2728 qui

99 2755 132 2796 se
153 2753 252 2795 senem
274 2743 302 2794 et
324 2735 417 2795 solum
431 2736 460 2795 in
477 2742 664 2813 conspectum
683 2750 782 2794 corum
799 2751 862 2795 eum
878 2733 975 2812 aliquo
992 2733 1108 2794 militari

62 2847 89 2890 30
102 2820 248 2900 praesidio
263 2820 448 2899 perduceret.
478 2820 528 2879 Sio
544 2837 660 2898 qnoque
680 2819 813 2879 diflidens
829 2819 1034 2898 tumultumque
1048 2835 1107 2878 me·

100 2915 200 2983 tuens,
220 2905 344 2965 Drusum
363 2913 516 2983 nepotem,
540 2922 624 2982 quern
646 2905 770 2964 vinculis
790 2904 883 2964 adbuc
903 2905 1013 2964 Romae
1038 2919 1107 2963 oon·

98 2989 221 3066 tinebat,
238 2990 322 3066 solvi,
339 2991 362 3047 si
380 3008 429 3048 res
445 2998 599 3068 posceret,
620 2988 781 3068 ducemque
798 2990 931 3048 constitui
946 3004 1107 3068 praecepe-

97 3083 153 3135 rat.
185 3074 300 3152 Aptatis
321 3074 406 3133 etiam
426 3073 546 3133 navibus
568 3073 604 3133 ad
627 3091 821 3153 quascumque
838 3074 973 3151 legiones
989 3071 1107 3132 medita·

97 3158 183 3218 batur
201 3159 318 3236 sugam,
341 3157 577 3236 speculabundus
600 3176 637 3216 ex
654 3158 793 3218 altissima
809 3177 881 3238 rupe
899 3157 1055 3218 identidem
1070 3157 1106 3215 si·

61 3261 174 3321 segne,
198 3261 286 3322 quae,
309 3261 345 3303 ne
368 3243 458 3302 nuntii
482 3250 675 3320 morarentur,
705 3242 768 3303 tolli
785 3243 905 3321 procul,
928 3252 958 3300 nt
979 3240 1106 3320 quidque

98 3327 207 3388 iactum
230 3328 323 3405 ioret,
341 3328 537 3388 mandaverat.
575 3328 683 3387 Verum
699 3336 728 3388 et
746 3345 889 3408 oppressa
907 3327 1105 3387 coniuratione

99 3412 196 3472 Seiani
217 3411 306 3472 nihilo
330 3414 463 3473 securior
483 3420 530 3472 aut
552 3414 747 3489 constantior,
770 3430 824 3490 per
836 3428 942 3472 novem
957 3415 1107 3490 proximos

98 3513 216 3556 menses
236 3513 293 3556 non
313 3514 452 3576 egressus
467 3505 513 3557 est
529 3496 614 3575 villa,
631 3515 704 3576 quae
720 3505 842 3556 vocatur
855 3495 946 3556 lovis.

144 3601 298 3641 susrornus.
933 3580 951 3642 8
