2334 3870
203 196 279 245 m
544 191 755 240 nummo,

205 353 335 427 magistri
349 353 456 426 aliquot
470 354 508 409 de
522 353 684 409 coniectura
697 352 745 408 rel
764 352 845 422 repni
858 351 905 407 rel
924 352 1037 423 irruperit
1051 368 1124 428 sup-

205 439 287 513 plere
300 440 465 507 maluerunt,
478 438 554 508 quod
567 443 712 507 utrumque
726 437 755 490 in
771 435 916 508 prinsipes
930 453 1043 507 quoque
1058 435 1123 492 edi-

206 523 302 580 tiones
317 522 437 579 transiit.
479 521 547 578 llum
566 522 693 576 leeuuam
708 536 781 591 quse
802 538 828 592 p.
847 525 898 588 25,
920 525 954 578 10
975 521 1121 593 eeupture

206 610 296 666 verbu
317 606 477 678 absorpsit,
503 606 701 676 grammaticus
722 605 833 675 quidam
856 603 973 659 saeculo
993 602 1046 659 XV
1065 610 1121 661 tam

206 693 351 748 eommode
372 691 508 760 resarsit,
535 696 567 745 nt
586 689 616 744 in
638 689 699 744 eius
715 688 878 744 eonieetura
894 687 1038 759 auquiesei
1052 694 1121 761 pet-

204 776 287 832 uerit.
332 775 511 847 lleeeperunt
526 774 641 830 eediees
663 772 879 842 Perizonienns,
897 772 1017 828 Purisini
1037 778 1118 832 5809.
1163 785 1165 790 ·

204 864 284 919 5811.
305 865 377 920 5814
397 865 426 915 01
448 858 588 915 editiones
608 858 748 913 Romanae
770 856 924 928 principes.
969 856 1122 914 Diffieilior

204 943 284 1001 visus
309 945 403 1000 hiatus
419 961 448 1017 p.
469 949 522 1014 36,
544 948 593 1005 20;
617 942 735 1012 explere
754 942 923 996 studuerunt
941 957 995 996 sex
1011 946 1122 1013 septem

205 1029 335 1101 magistri
358 1030 430 1085 alter
458 1029 547 1084 altero
575 1025 769 1098 probabilius,
798 1026 920 1080 omnium
946 1025 1073 1097 pessime
1096 1026 1121 1081 is

206 1114 288 1170 euius
302 1117 483 1170 eommentnm
504 1111 531 1164 in
548 1109 674 1165 Parisino
689 1114 774 1178 5809,
796 1109 961 1179 Turieensi,
984 1108 1120 1166 Gortiano

204 1196 348 1253 inventum
360 1199 506 1266 postremo
524 1194 553 1249 in
575 1193 748 1249 editionibus
770 1193 906 1249 subsedit.
953 1193 1059 1249 Contra
1078 1194 1121 1250 la·
1162 1214 1166 1347 Ι·

205 1279 309 1335 eillimn
327 1295 374 1334 res
389 1277 441 1331 fuit
455 1277 484 1332 in
502 1277 676 1333 restituendo
695 1293 730 1333 eo
745 1279 821 1347 loeo,
840 1278 888 1349 qui
901 1296 929 1351 p.
946 1284 989 1348 24,
1007 1282 1121 1338 34-36

204 1362 304 1417 leeuna
319 1361 430 1430 hiabat,
451 1368 604 1434 supersunt
624 1361 697 1418 enim
712 1361 798 1418 verba
816 1363 911 1434 elapsa
932 1363 1119 1419 100001000-
1158 1350 1164 1423 1

202 1446 284 1501 turiis
302 1443 490 1502 Caesarianis.
536 1447 638 1502 Tamen
662 1463 716 1503 non
735 1453 899 1519 comparent
915 1446 970 1502 nisi
998 1446 1026 1501 iu
1041 1447 1119 1504 Puri-

204 1529 275 1586 sinis
291 1535 422 1600 quattuor
436 1537 514 1591 5803.
538 1537 616 1591 5812.
633 1532 726 1603 suppl.
738 1532 795 1587 Lat
813 1537 873 1589 140.
890 1531 1041 1587 Serbonne
1057 1538 1120 1601 914,

204 1613 233 1671 in
248 1612 397 1670 Busiliensi
415 1622 445 1670 et
456 1615 669 1671 vindobonensi
690 1621 757 1684 183,
777 1614 900 1685 itemque
915 1632 976 1671 eum
993 1615 1053 1671 leui
1071 1632 1119 1672 vu-

204 1697 306 1754 rietate
322 1698 350 1752 in
365 1698 492 1769 margine
506 1698 626 1754 Medieei
640 1697 724 1769 primi
743 1704 771 1753 et
787 1697 815 1752 in
833 1697 961 1755 Parisino
976 1705 1065 1770 5810,
1084 1716 1119 1756 ex

204 1780 377 1838 editionibus
400 1781 428 1836 in
451 1782 629 1854 lugdunensi
655 1798 678 1836 a.
704 1787 781 1842 1508.
825 1782 906 1839 Alius
930 1783 1042 1854 quidem
1062 1802 1118 1841 me-

203 1865 293 1938 gister
310 1866 445 1937 paueiera
464 1867 550 1922 verbu
566 1867 637 1921 haee
652 1867 737 1921 ceteri
749 1883 832 1938 prum
847 1868 1119 1939 0000001000οη100-

202 1950 266 2006 date
279 1950 348 2007 satis
364 1966 428 2006 esse
442 1956 518 2006 ratus
529 1949 656 2006 Parisino
668 1956 754 2021 5805,
768 1968 793 2006 u.
807 1956 876 2012 1453
887 1951 1007 2023 scripto,
1024 1958 1053 2008 et
1066 1955 1120 2010 Be<
1163 1950 1166 2009 l

202 2034 303 2092 roalde
322 2051 346 2090 a.
364 2040 433 2094 1506
449 2034 598 2107 persuasit.

124 2182 127 2187 ¹
262 2117 360 2191 Neque
381 2118 470 2175 minus
492 2117 667 2176 noviciorum
690 2119 826 2176 librorum
841 2119 994 2177 auotoritas
1016 2136 1052 2177 00
1075 2121 1119 2177 10-
1164 2144 1166 2195 ;

200 2202 349 2274 iringitur,
376 2205 450 2275 quod
472 2220 526 2260 nou
548 2209 624 2259 eerta
649 2208 678 2259 et
703 2205 842 2263 constanti
864 2205 957 2276 aliqua
981 2205 1119 2262 affinitate
1161 2198 1166 2287 Ι

201 2303 262 2345 eum
293 2287 414 2359 antiquis
444 2289 580 2361 exemplis
612 2288 833 2359 coniunguntur,
861 2289 912 2345 sed
938 2289 1118 2346 diversorum
1164 2290 1166 2295 ’

203 2370 393 2444 exemplorum
413 2373 566 2429 collatione
591 2372 769 2429 contaminati
793 2373 876 2430 modo
894 2373 928 2428 ad
943 2375 1014 2429 hune
1032 2374 1118 2431 modo

202 2457 237 2514 ud
258 2457 334 2512 illam
349 2456 484 2513 librorum
507 2457 623 2528 stirpem
645 2455 789 2529 pertinere
808 2457 948 2513 videntur.
994 2458 1043 2513 Sie
1064 2458 1119 2515 Ba-

201 2539 326 2596 siliensis
349 2540 440 2596 eedex
460 2541 480 2595 P
501 2540 512 2595 l
534 2546 568 2599 12
592 2546 621 2595 01
640 2537 873 2598 vindobonensis
895 2547 948 2602 183
968 2539 1067 2616 (Vind.
1090 2550 1118 2600 1.
1162 2528 1166 2613 ⁴;

201 2623 357 2696 appellavit
377 2621 607 2699 Oudendorpius)
628 2625 675 2697 qui
697 2624 763 2681 libri
786 2626 859 2681 inter
880 2642 912 2682 se
932 2631 986 2682 tom
1007 2626 1119 2682 similes
1164 2630 1166 2663 ³

199 2713 264 2764 sunt
279 2714 309 2763 ut
324 2725 376 2780 pro
392 2725 447 2764 uno
463 2707 561 2764 baberi
577 2709 702 2780 possint,
724 2710 923 2766 recedentibus
938 2710 1057 2781 reliquis
1076 2710 1118 2766 si·
1164 2780 1166 2787 Α

199 2790 322 2863 milibus,
337 2791 537 2863 Perinoniano,
553 2792 744 2863 Harlemenei,
762 2794 1025 2865 corsendoneiano,
1040 2793 1118 2852 Non·

199 2875 295 2946 niano,
304 2876 560 2947 lindenbrogium,
572 2877 1035 2949 Ferrariensi,Vratislaviensibus
1044 2878 1119 2935 duo·

199 2955 310 3034 best),
326 2960 460 3018 Parisinis
476 2967 556 3021 5812.
577 2962 668 3035 suppl.
684 2963 741 3018 Lut.
760 2968 819 3023 140.
836 2962 988 3025 80111914.
1008 2962 1118 3020 tribus·
1164 2954 1166 2959 ’

269 3140 317 3206 20)
328 3142 511 3195 Periuonianus
522 3145 602 3195 codex
610 3146 676 3196 netis
688 3147 870 3212 marginalibus
884 3147 1000 3214 oppletus
1011 3160 1033 3195 e.
1045 3146 1118 3197 1545
1152 3088 1166 3139 l

200 3211 281 3263 Rome
295 3211 425 3264 Vesallam
440 3212 539 3265 deletus
555 3223 607 3275 est,
629 3223 712 3265 10100
729 3215 795 3266 Guil.
812 3215 932 3266 Noemeiu
949 3213 982 3262 ad
994 3215 1116 3266 Iacobum

199 3280 376 3343 Perizonium,
403 3289 531 3349 postremo
562 3283 587 3332 ln
612 3284 763 3336 Leidensem
786 3283 964 3334 bibliothecam
986 3284 1115 3348 pervenit.

199 3347 246 3401 Uel
264 3360 323 3402 sunt
339 3351 500 3403 Burmannus
517 3360 541 3402 01
555 3350 757 3421 Oudendorpius.
777 3379 809 3390 -
829 3349 1115 3402 111Ρο110001000000ἢ

198 3416 249 3468 dex
267 3420 301 3471 ad
317 3421 457 3473 Romanum
474 3422 609 3473 editionem
631 3424 665 3474 lo.
684 3421 800 3473 Andreae
819 3419 936 3486 proxime
951 3420 1061 3481 secedit,
1079 3421 1117 3471 110

199 3485 303 3540 editioni
321 3490 429 3560 principi
442 3489 555 3543 Venetus
569 3491 653 3542 nullus
668 3490 776 3543 similior
792 3496 830 3538 est
842 3485 1000 3538 Herlemensi
1012 3488 1039 3537 in
1050 3489 1115 3540 bibl.

939 3746 977 3834 b
