2334 3870
247 154 527 204 ounnnmuonuu
546 151 728 205 nunnonuu
745 155 949 218 unnrounur.
1036 146 1102 210 297

94 314 167 376 Nam
182 312 257 392 apud
275 329 341 373 eum
362 310 489 389 epistola
503 309 646 372 invenitur
668 310 793 389 Augusti
813 311 990 392 increpantis
1006 310 1098 376 Hora·

94 402 180 475 tium,
205 396 281 475 quod
302 413 359 456 non
382 394 467 455 adse
487 411 605 474 quoqne
621 395 742 474 plurima
757 395 876 457 scribat.
911 396 1041 461 Sadalou
1056 397 1103 461 ud

94 482 205 553 Horat.
222 481 311 561 epist.
330 489 358 556 2,
376 488 402 555 1,
420 488 455 539 1.
468 477 540 553 ..Q.
556 479 693 541 Horatius
707 479 843 561 Flaccus,
858 481 1032 562 Venusinus,
1037 501 1098 563 pa-

95 575 140 630 tre
154 577 184 627 ut
197 568 262 645 ipse
277 563 364 624 tradit
384 561 527 625 libertino
544 570 574 625 et
586 565 783 628 exactionum
795 571 951 643 coactare,
967 566 1014 646 (ut
1026 586 1100 629 rere

72 653 236 713 sarediturn
255 657 300 710 est
324 648 562 729 salsamentario,
589 667 653 709 oum
673 649 715 710 illi
732 650 848 729 quidam
862 651 891 709 in
906 650 1099 712 altercatione

92 735 318 816 exprobrasset:
352 730 499 807 Quotiens
522 751 577 813 eqo
598 733 664 794 uidi
680 740 804 812 patrem
818 740 901 796 tuum
921 732 1052 798 bractio
1065 752 1101 796 sc

93 813 339 901 emunqcutemt)
364 816 445 892 bello
460 816 640 896 Philippensi
661 819 772 878 excitus
790 837 806 879 a
826 819 925 880 llarco
940 818 1031 879 Bruto
1049 818 1099 880 im·

92 913 247 985 peratore,
277 902 408 964 tribunus
430 901 548 962 militum
566 902 685 970 meruit;
707 903 851 981 uictisque
866 902 996 983 partibus
1013 904 1099 964 uenio

92 992 235 1068 inpetrata
250 989 389 1066 scriptum
405 987 602 1066 quaestorium
618 987 806 1065 comparavit.
836 985 883 1047 Ac
905 990 997 1066 primo
1019 987 1098 1048 llae-

56 1075 209 1150 macuati,
223 1090 292 1133 mox
307 1070 442 1148 Augusto
459 1072 618 1134 insinuatus
639 1089 697 1132 non
711 1071 890 1132 mediocrem
904 1073 932 1131 in
951 1069 1099 1132 amborum

90 1159 213 1218 amicitia
234 1158 330 1219 locum
355 1156 455 1216 tenuit.
492 1154 649 1218 Maecenas
671 1165 853 1235 quantopere
875 1175 939 1216 eum
963 1155 1099 1217 dilexerit

92 1243 161 1301 satis
175 1250 298 1300 testatur
312 1239 364 1298 illo
382 1242 604 1318 epigrammate:

243 1327 282 1381 Ni
295 1332 321 1380 tc
337 1328 484 1382 visceribus
497 1332 577 1398 meis,
591 1330 702 1398 Horati,

244 1408 314 1464 Plus
328 1410 384 1462 ium
400 1410 494 1480 ditipo,
511 1417 540 1466 tu
553 1415 628 1466 tuum
642 1414 764 1467 sodalem

58 1508 83 1549 n
246 1491 669 1565 lnnutouidcasstriposiorem3

92 1574 145 1636 sed
166 1574 254 1634 multo
277 1573 369 1649 magis
391 1572 529 1632 extremis
546 1570 658 1631 iudiciis
679 1573 730 1633 tali
748 1572 784 1633 ad
800 1571 962 1650 Angustum
978 1573 1096 1652 elogio:

92 1657 207 1720 Horati
226 1657 334 1720 Flacci
354 1664 388 1718 ut
407 1657 468 1717 rnei
487 1662 551 1718 esto
573 1657 708 1717 memor!
746 1656 893 1734 Augustus
910 1658 1098 1738 epistolarum

92 1761 209 1823 quoque
234 1745 260 1803 ei
283 1741 410 1802 ollicium
432 1741 546 1819 optulit.
583 1739 648 1801 lloc
666 1740 701 1803 ad
717 1739 915 1802 Maecenatem
932 1744 1043 1820 scripto
1059 1743 1097 1804 si·

91 1828 221 1906 gnificat:
250 1825 329 1888 Ante
343 1827 412 1906 ipse
425 1824 621 1906 sufficiebam
634 1824 809 1888 scribendis
824 1825 966 1904 epistolis
982 1827 1096 1889 amico·

56 1930 82 1970 uo
92 1930 177 1987 runt,
198 1929 280 1971 nunc
297 1911 557 1988 occupatissimus
570 1916 600 1972 et
614 1911 756 1989 infirmus
771 1909 938 1973 Horatium
958 1916 1099 1973 nostrum

93 2012 114 2054 a
128 2000 157 2054 te
172 1994 262 2071 capio
278 1992 443 2055 abducere.
465 1993 569 2057 Veniet
584 2014 657 2074 erpo
671 1994 712 2057 ad
726 1995 790 2057 ista
800 1995 980 2074 parasitica
990 2013 1099 2059 marusa

92 2078 136 2139 ad
149 2078 231 2139 tanc
244 2077 373 2157 rapiam,
392 2084 421 2138 et
433 2096 491 2140 nos
505 2079 537 2139 in
551 2079 690 2156 epistolis
702 2079 878 2142 scribendis
888 2079 1016 2142 iuuabit
1050 2080 1098 2145 Ac

92 2181 128 2223 ne
148 2164 294 2223 recusanti
316 2162 431 2242 quidem
454 2171 502 2223 aut
524 2164 688 2223 succensuit
703 2165 857 2245 quicquam
876 2174 925 2225 aut
945 2166 1098 2227 amicitiam

91 2266 171 2308 suam
190 2247 325 2324 ingerere
348 2247 442 2308 desiit.
475 2245 583 2307 Extant
604 2247 765 2326 epistolae,
787 2249 924 2328 equibus
937 2248 1098 2327 argumend

56 2333 184 2409 ngratia
212 2349 305 2410 pauca
330 2330 457 2392 subieci:
486 2329 580 2404 Sume
606 2330 662 2392 tibi
688 2332 809 2414 aliquid
832 2333 913 2395 iuris
934 2333 1021 2412 apud
1037 2351 1095 2411 me,

92 2423 247 2494 tamquam
268 2416 298 2476 si
319 2415 477 2478 concisior
493 2414 568 2478 milti
584 2414 708 2495 fueris;
736 2424 820 2479 reete
836 2418 914 2480 enim
935 2423 964 2479 et
976 2436 1039 2479 non
1053 2424 1094 2479 te-

91 2517 174 2560 mere
187 2499 316 2578 sermm,
336 2499 481 2584 quoniam
503 2499 538 2561 id
550 2517 627 2561 usus
648 2500 723 2563 milti
741 2509 838 2563 tecum
854 2501 1035 2578 mausolei,
1068 2501 1098 2562 si

88 2602 148 2663 per
162 2582 362 2646 ualitudinem
375 2590 458 2646 tuam
468 2585 541 2664 fieri
549 2585 660 2663 possit.
699 2591 733 2646 Et
747 2605 862 2647 rursus:
904 2584 962 2647 Tui
975 2585 1097 2668 qualern

90 2666 223 2730 tadeam
234 2670 422 2747 memoriam,
437 2671 558 2750 poteris
569 2688 609 2731 ea
619 2668 768 2749 Septimio
782 2687 902 2752 quoque
915 2676 1021 2734 nostro
1038 2688 1094 2733 aa·

55 2771 82 2814 so
90 2754 160 2816 dire
165 2778 180 2825 ;
193 2771 266 2815 nam
280 2754 389 2817 incidit
400 2760 434 2816 ut
446 2754 500 2816 illo
516 2772 623 2817 coram
638 2755 727 2834 (ieret
742 2772 763 2815 a
776 2773 824 2816 me
839 2755 885 2816 tui
897 2755 1018 2818 mentio.
1033 2752 1096 2818 Ne·

91 2856 149 2918 que
163 2837 242 2898 enim
255 2838 285 2899 si
296 2846 327 2899 tu
341 2837 496 2918 superbus
510 2839 679 2901 amicitiam
692 2846 833 2902 nostram
847 2839 1008 2918 sprevisti,
1025 2839 1096 2903 ideo

90 2940 149 2983 nas
164 2938 282 3002 quoque
298 2911 665 3004 ἄνθυφερηφανοῦμεν.
696 2924 854 2985 Praeterea
868 2941 959 3004 saepe
976 2941 1039 2984 eum
1054 2924 1096 2983 in·

90 3016 136 3066 ter
150 3006 224 3066 alios
242 3007 325 3066 iocos
337 3008 539 3087 purissimum
552 3026 660 3087 penem
675 3012 704 3068 et
714 3006 946 3070 homuncionem
965 3007 1094 3087 lepidis-

91 3091 200 3151 simum
222 3090 369 3169 appellat,
393 3109 508 3169 unaque
524 3101 554 3152 et
575 3092 667 3152 alteru
691 3091 867 3153 liberalitate
892 3092 1093 3172 locupletavit.

55 3176 206 3253 asScripta
228 3176 343 3254 quidem
366 3177 427 3236 eius
447 3177 634 3255 usqueadeo
657 3175 792 3255 probavit
814 3195 1008 3257 mansuraque
1028 3195 1094 3258 per·

91 3268 178 3340 petua
204 3262 337 3338 opinatus
362 3270 424 3338 est,
451 3271 482 3320 ut
502 3279 560 3321 non
575 3260 662 3321 modo
678 3261 821 3323 Seculare
844 3279 959 3323 carmen
976 3279 1086 3342 compc-

90 3344 214 3404 nendum
230 3345 385 3406 iniunxerit
406 3345 459 3406 sed
482 3355 512 3409 et
523 3345 704 3407 Vindelicum
727 3347 878 3408 uictoriam
896 3345 1006 3407 'liberii
1020 3346 1080 3410 Dru

90 3428 173 3494 sique
213 3430 409 3494 nrivirnorum
433 3447 565 3490 utorium
589 3447 712 3498 eumque
735 3431 868 3494 posuerit
893 3439 1015 3494 oror⁸er
1037 3431 1086 3492 hot
