2286 3862
85 189 147 252 mc
169 198 200 249 c.
213 156 1019 255 submurmuransvrnscsnsssorsnrs.v11.

85 356 204 417 nitentia
221 371 304 433 quam
320 369 436 414 suorum
453 348 648 411 obtestatione
663 348 788 427 obligari
804 350 962 430 curarique
978 368 1014 411 se
1029 369 1094 431 pas-

87 460 153 518 sus,
171 442 199 499 in
215 437 317 498 eadem
333 435 462 497 custodia
478 432 580 493 morbo
601 434 696 513 periit.
713 431 745 494 L.
763 452 802 493 ex
819 434 977 496 consulatu
991 437 1093 512 Syriae

87 524 289 606 praepositus,
311 519 487 581 Artabanum
510 517 678 578 Parthorum
703 535 806 596 regem
834 519 956 579 summis
982 521 1092 581 artibus

87 627 144 671 non
159 607 246 668 modo
262 605 298 666 ad
315 604 500 684 conloquium
515 620 609 678 suum,
624 601 677 662 sed
696 603 781 662 etiam
800 602 837 663 ad
858 603 1024 665 veneranda
1044 604 1087 664 le·

87 696 204 773 gionum
220 693 303 768 signa
316 688 448 769 pellexit.
480 685 550 746 bion
572 704 635 746 cum
655 683 777 747 Claudio
798 687 934 766 principe
954 686 1022 747 duos
1039 688 1101 754 ina

88 798 178 858 super
192 775 355 837 ordinarios
371 771 538 834 consulatus
552 788 762 850 censuramque
774 771 877 848 gessit.
901 768 1008 833 Curam
1016 788 1082 850 quo-

89 881 145 942 que
162 860 274 939 imperii
289 858 433 932 sustinuit,
451 855 572 917 absente
591 872 627 916 eo
646 855 835 935 expeditione
847 855 1030 925 Britannicac
1046 857 1088 915 uir

87 949 228 1006 innocens
247 952 275 1003 et
293 942 459 1016 industrius,
476 939 529 1000 sed
544 957 642 1001 amore
659 939 811 1001 libertinae
830 939 1022 1019 perinfamis,
1044 958 1091 1000 cu·

88 1033 132 1091 ius
152 1029 237 1090 etiam
253 1028 351 1088 salivis
369 1025 457 1086 melle
472 1024 649 1098 commixtis,
671 1042 708 1084 ne
730 1024 804 1085 clam
819 1022 937 1102 quidem
953 1032 1004 1085 aut
1025 1041 1092 1085 raro

88 1116 142 1175 sed
159 1113 266 1174 cotidie
289 1129 323 1171 ac
345 1109 456 1188 palam,
472 1109 594 1168 arterias
611 1117 640 1167 et
655 1107 757 1168 lauces
777 1125 831 1187 pro
851 1107 987 1169 remedio
1009 1109 1123 1174 ioue-ro

88 1198 145 1258 bat.
168 1196 248 1257 Idem
262 1195 324 1253 miri
340 1195 368 1253 in
384 1191 526 1253 adulando
541 1192 659 1270 ingenii,
678 1193 786 1271 primus
801 1189 833 1252 G.
847 1190 1009 1254 Gaesarem
1024 1193 1094 1255 ado·

88 1298 153 1341 rare
169 1288 199 1338 ut
214 1279 298 1338 deum
314 1277 444 1353 instituit,
462 1294 526 1336 cum
540 1294 679 1336 reversus
694 1294 732 1336 en
747 1277 833 1351 Syria
841 1294 900 1337 non
910 1276 1003 1338 aliter
1012 1276 1093 1338 adire

89 1383 175 1425 ausus
191 1371 271 1423 esset
288 1380 372 1442 quam
389 1361 485 1440 capite
502 1360 601 1421 velato
617 1361 903 1442 circumuertensque
917 1378 972 1439 se,
987 1361 1094 1423 deinde

89 1447 294 1529 procumbens.
329 1445 478 1507 Claudium
491 1445 630 1507 uxoribus
645 1445 815 1525 libertisque
828 1446 977 1508 addictum
990 1464 1029 1506 ne
1039 1463 1093 1526 qua

88 1550 146 1595 nou
159 1543 220 1593 arte
237 1532 446 1608 demereretur,
462 1549 516 1609 pro
533 1531 656 1590 maximo
672 1548 790 1591 munere
806 1528 998 1592 abiessalina
1008 1532 1092 1610 petit,
1102 1549 1119 1592 u

88 1627 119 1677 ut
137 1616 192 1676 sibi
207 1617 300 1696 pedes
322 1615 479 1694 praeberet
501 1614 724 1683 excalciandum
747 1615 968 1694 detractumque
986 1631 1092 1676 soccu-

88 1701 146 1763 lum
165 1700 297 1762 dextrum
313 1702 387 1760 inter
401 1709 498 1776 togam
519 1700 690 1778 tunicasque
712 1699 839 1777 gestavit
860 1698 997 1777 assidue,
1022 1717 1092 1760 non·

90 1803 241 1863 numquam
256 1783 480 1844 osculabundus.
513 1780 642 1842 Narcissi
660 1801 776 1862 quoque
792 1791 822 1844 et
838 1783 980 1845 Pallantis
991 1785 1091 1863 imagi-

90 1888 142 1930 nes
157 1886 261 1928 aureas
277 1869 352 1927 iuter
364 1865 453 1927 Lares
470 1865 569 1926 coluit.
602 1866 693 1928 Huius
708 1876 736 1927 et
751 1867 800 1928 illa
820 1886 880 1930 vox
902 1876 965 1929 est:
986 1867 1093 1949 Saepe

87 1953 215 2033 fumos!
239 1969 303 2010 cum
318 1949 493 2010 Saeculares
517 1949 601 2011 ludos
626 1951 723 2012 edenti
741 1951 859 2013 Claudio
879 1953 1121 2030 gratularetur.tc

59 2036 227 2104 sDecessit
243 2032 370 2114 paralysi
386 2033 479 2094 altero
492 2034 539 2095 die
556 2053 639 2113 quam
655 2046 808 2117 correptus
821 2046 876 2115 est,
894 2037 1011 2115 duobus
1024 2038 1092 2099 liliis

88 2119 307 2199 superstitibus,
321 2137 396 2198 quos
412 2137 448 2178 ex
465 2119 586 2180 Sextilia
604 2120 807 2199 probatissima
824 2139 880 2182 nec
901 2122 1028 2201 ignobili
1049 2123 1091 2183 ie·

88 2207 163 2266 anina
178 2205 272 2265 editos
289 2203 425 2264 consules
441 2204 528 2280 vidit,
546 2213 575 2264 et
593 2204 709 2282 quidem
724 2207 828 2266 eodem
843 2205 944 2266 ambos
967 2215 1091 2287 totoque

89 2307 175 2367 anno,
192 2308 255 2350 cum
268 2290 370 2349 maiori
386 2289 479 2348 miuor
494 2290 522 2347 iu
538 2307 592 2349 sex
607 2307 723 2350 meuses
738 2292 943 2352 successisset.
979 2291 1090 2352 Defun-

90 2385 165 2435 ctum
182 2384 298 2435 senatus
315 2373 433 2453 publico
450 2373 553 2434 iuuere
568 2372 736 2452 honoravit,
759 2378 827 2436 item
846 2383 940 2436 statua
963 2392 1018 2455 pro
1041 2394 1120 2441 ross

89 2461 156 2519 stris
179 2477 242 2519 cum
262 2459 318 2519 hac
339 2459 543 2537 inscriptione:
576 2460 736 2537 pietatis
767 2459 968 2521 immobilis
996 2478 1090 2539 erga

116 2561 209 2604 rrncr
244 2562 304 2602 em.

89 2561 108 2622 p
130 2626 166 2685 A.
180 2561 315 2687 Videllius
332 2627 363 2687 L.
378 2626 452 2687 lilius
464 2626 627 2706 Imperator
643 2637 726 2688 natus
745 2638 791 2689 est
808 2627 884 2691 vill.
895 2627 943 2690 itt.
955 2628 1022 2691 Oct.
1041 2629 1089 2690 uel

88 2719 117 2769 ut
127 2710 240 2787 quidam
251 2709 314 2770 Vll.
327 2709 369 2771 Id.
382 2710 463 2789 Sept.
474 2710 571 2770 Druso
585 2708 725 2789 Caesare,
738 2713 873 2775 Norbano
880 2711 991 2775 Flacco
1003 2732 1087 2776 cons.

89 2791 252 2854 Genituram
267 2795 329 2854 eius
345 2795 522 2873 praedictam
545 2796 784 2857 amathematicis
808 2799 847 2858 ita
870 2808 1008 2877 parentes
1036 2817 1119 2861 err-sc

87 2877 275 2954 horruerunt,
292 2888 322 2938 ut
338 2888 421 2958 pater
440 2895 544 2956 magno
570 2896 662 2958 opere
685 2899 802 2961 semper
828 2882 1027 2961 contenderit,
1051 2902 1087 2944 ne

88 2982 143 3043 qua
160 2965 187 3022 ei
203 2963 353 3042 provincia
368 2966 435 3024 vivo
453 2981 486 3023 se
503 2966 741 3043 committeretur,
757 2974 894 3029 malerei
914 2968 1035 3029 missum
1053 2967 1088 3029 ad

87 3049 221 3126 legiones
245 3055 275 3106 et
296 3048 472 3127 appellatum
495 3049 701 3127 imperatorem
723 3068 777 3129 pro
799 3051 909 3112 afflicto
931 3053 1028 3113 statim
1045 3052 1087 3113 la·

86 3141 210 3201 mentata
235 3133 281 3190 sit.
321 3132 475 3193 Pueritiam
500 3135 677 3213 primamque
706 3135 932 3196 adulescentiam
961 3133 1087 3216 Capreis

87 3218 147 3294 egit
163 3219 238 3278 inter
252 3216 402 3278 Tiberiana
418 3227 534 3294 scorta,
551 3221 660 3296 etipse
678 3231 823 3299 perpetuo
839 3220 1020 3300 spintheriae
1035 3239 1121 3288 coss

87 3304 222 3375 gnomine
243 3311 358 3362 notatus
383 3304 623 3383 existimatusque
652 3306 786 3383 corporis
812 3306 906 3382 gratia
927 3307 1038 3367 initium
1056 3314 1087 3368 et

87 3400 175 3446 causa
196 3387 437 3448 incrementorum
456 3389 531 3465 patri
551 3388 661 3464 luisse,
687 3392 821 3469 sequenti
845 3407 962 3471 quoque
987 3400 1087 3453 aetate

88 3472 217 3532 omnibus
240 3473 355 3553 probris
378 3472 594 3533 contaminatus.
636 3472 826 3553 Praecipuum
846 3475 875 3534 in
898 3475 964 3538 aula
986 3476 1088 3539 locum
