2286 3862
200 203 286 252 LVIII
538 199 744 248 PRAEFATIO·

203 369 319 436 gaverat
333 367 446 435 emptus.
491 360 598 415 librum
618 358 735 414 omnium
752 357 883 429 optimum
903 365 930 414 et
951 359 1116 431 integerri-

203 464 274 505 mum
289 445 385 515 (etiam
400 459 481 513 nuuc,
497 450 642 514 postquam
649 442 788 497 Gudianus
801 437 936 515 accessit)
953 442 1118 513 diligenter

203 530 412 602 descripserunt
427 533 455 581 et
469 527 644 581 contulerunt
658 525 814 582 ludovicus
830 527 915 581 Troes
934 526 961 580 in
980 526 1116 583 editione

202 614 350 671 llamuncne
369 629 393 667 a.
410 615 476 669 1841
488 611 610 680 vulgata,
624 609 697 664 Frid.
714 608 818 664 llitschl
833 606 861 663 in
877 607 1007 680 Parergis
1024 609 1116 667 Plau-

202 698 268 753 tinis
287 703 301 754 l
317 713 343 767 p.
359 701 425 763 609,
444 695 486 750 lo.
503 693 582 750 Ferd.
598 693 751 748 llassmann
767 692 802 747 ad
818 691 905 747 Taciti
922 691 1114 750 Germaniam.

244 788 270 840 3.
303 779 482 834 Gudianus
502 783 551 845 93,
579 775 753 844 Guelferbyti
781 774 921 847 repositus
947 775 1000 830 111.
1022 776 1118 834 Ebert

202 863 270 921 titt.
287 861 427 918 Guelferb.
443 879 470 933 p.
490 867 554 929 139,
576 859 707 915 1011111111
727 858 964 930 quaternariorum
987 867 1116 933 septem,

202 947 331 1020 optimus.
374 945 435 1000 llea
450 945 540 1014 gratia
556 942 769 1013 dilIgentissime
788 942 905 998 contulit
920 943 1117 1002 amIcissimus

202 1032 245 1086 111
263 1029 469 1086 Theodorus
488 1026 655 1082 liceltius
669 1025 831 1097 Lipsiensis.

265 1114 412 1169 Praeterea
439 1110 466 1165 in
482 1109 660 1166 Vaticano
674 1113 759 1179 4498,
784 1110 811 1164 11
828 1126 882 1181 quo
897 1110 1042 1166 volumine
1066 1130 1116 1169 su-

202 1215 253 1270 per
268 1198 339 1252 duos
353 1194 441 1250 'laciti
462 1193 575 1248 libellos
598 1191 721 1249 eiusdem
737 1192 889 1263 Agricola,
910 1194 976 1248 item
999 1193 1114 1252 Plinius

203 1282 238 1336 de
264 1279 333 1335 viris
360 1277 514 1332 illustribus
540 1277 679 1347 multaque
704 1277 757 1332 alia
786 1275 890 1349 scripta
918 1277 1116 1352 continentur,

201 1364 355 1419 llassunann
375 1362 490 1417 eundem
509 1360 646 1415 nominum
669 1359 788 1416 inclinem
810 1361 963 1433 praefixum
983 1361 1115 1419 inveniri

200 1447 297 1502 reiert.
341 1445 398 1500 llec
420 1445 508 1500 miuus
529 1445 557 1499 in
583 1442 828 1515 Neapolitano
851 1443 911 1500 sive
934 1443 1115 1504 farnesiano

198 1531 271 1586 idem
284 1529 375 1588 videri
395 1529 500 1602 poterit
520 1528 640 1599 scriptus
657 1543 736 1598 esse,
759 1544 820 1582 oum
843 1534 919 1582 certe
940 1527 968 1582 in
985 1527 1116 1587 Taciteis

198 1614 304 1671 libellis
333 1613 474 1685 exemplar
495 1612 564 1666 illud
593 1610 768 1684 superiorum
789 1618 816 1665 et
837 1610 953 1666 maxime
977 1611 1115 1671 Vaticani

198 1705 268 1757 1518
286 1713 380 1752 comes
394 1697 431 1752 sit
449 1699 610 1767 perpetuus.
655 1692 756 1749 Contra
779 1694 897 1751 omissus
912 1700 965 1764 est,
984 1697 1114 1754 consilio

199 1786 266 1852 puto
283 1779 415 1847 editoris,
436 1778 464 1832 in
476 1776 686 1833 Florentius
703 1776 826 1833 editione
847 1783 970 1843 1.1478;
988 1795 1115 1852 namque

200 1879 232 1919 ea
254 1879 315 1917 oum
331 1862 412 1918 libris
428 1860 509 1916 modo
526 1859 693 1915 enumeratis
711 1860 815 1932 alioqui
838 1861 1002 1934 conspirare
1023 1865 1114 1920 solet.

87 1956 180 1998 meste-
262 1946 318 2001 lam
339 1945 383 2000 his
400 1944 480 1999 libris
497 1944 611 1999 alterum
630 1943 765 1999 librorum
788 1961 877 2014 genus
893 1947 1050 2018 opponitur
1071 1949 1114 2004 in·

87 2008 156 2050 Μ’·
200 2030 263 2086 dice
288 2029 338 2085 illo
360 2028 534 2093 destitutum,
562 2044 676 2082 numero
698 2027 801 2097 maius,
826 2029 950 2085 bonitate
975 2029 1113 2089 iuferius.

199 2113 357 2182 Diligenter
373 2111 468 2168 collati
484 2116 547 2168 sunt
561 2110 605 2166 lui:

242 2203 266 2254 l.
288 2195 558 2265 Berolineusis,
575 2195 655 2251 simul
671 2212 732 2250 cum
748 2194 896 2254 Caesarum
913 2196 979 2252 vitis
996 2199 1033 2254 ab
1050 2199 1113 2255 An-

200 2280 277 2336 tonio
294 2279 440 2336 Siciltaldo
458 2279 575 2352 Neapoli
594 2284 701 2339 11477
716 2281 846 2353 scriptus.
892 2279 958 2335 Eius
973 2282 1114 2339 collatio-

200 2381 261 2420 nem
277 2381 331 2420 ncn
343 2364 523 2434 indiligenter
541 2364 638 2417 laetam
651 2364 723 2419 Frid.
738 2363 829 2420 Osann
842 2369 1001 2435 acceperat,
1019 2367 1113 2423 multo

201 2449 401 2504 accuratiorem
430 2447 496 2501 milui
526 2447 599 2501 dono
630 2447 706 2499 dedit
736 2447 940 2518 Rudolphus
968 2449 1111 2506 Burck-

200 2532 306 2585 hardt
326 2529 504 2596 Basiliensis,
527 2534 639 2582 nostrae
666 2528 832 2601 disciplinae
858 2545 912 2586 non
933 2530 971 2586 ita
994 2531 1110 2604 pridem

200 2612 333 2667 alumnus.
378 2610 438 2666 Non
460 2627 523 2665 esse
539 2611 611 2665 hune
632 2611 757 2667 codicem
779 2613 947 2685 exscriptum
964 2629 980 2670 e
996 2613 1111 2681 Veneta

200 2695 324 2750 editione
341 2712 365 2750 a.
382 2698 460 2763 1474,
477 2711 537 2748 cum
553 2711 605 2766 qua
623 2695 692 2751 mira
708 2697 734 2752 ei
749 2696 927 2754 necessitudo
942 2696 1110 2770 intercedit,

199 2778 282 2834 multa
306 2779 503 2851 comprobant,
536 2785 565 2832 ut
591 2796 643 2835 uua
669 2780 821 2853 eademque
846 2781 948 2853 pagina
970 2787 1024 2841 258
1053 2783 1111 2841 luae

198 2861 351 2918 lectIones:
377 2865 491 2931 ciceret,
515 2868 596 2934 atque
618 2865 718 2935 magis,
742 2866 835 2935 pretio
856 2879 937 2935 cero,
964 2868 1109 2938 inpressu,

197 2947 310 3017 epistola
326 2948 450 3017 ostendit,
463 2947 561 3017 cipido,
577 2960 691 3018 quarum
707 2949 770 3004 loco
790 2947 878 3004 editio
892 2949 941 3003 illa
955 2949 1005 3004 has
1021 2966 1110 3022 prae*

198 3029 268 3085 lert:
284 3031 399 3100 uixcrd,
415 3047 449 3086 ac
463 3033 564 3103 mepta,
574 3034 682 3102 pretia,
696 3047 809 3103 pressu,
824 3033 953 3103 epistota,
968 3034 1063 3104 tiptdo.

240 3119 267 3170 2.
288 3114 505 3171 llarleianns
528 3120 612 3184 2639,
637 3115 763 3171 londinii
784 3116 812 3170 in
832 3133 927 3172 museo
942 3116 1109 3175 Britannico

198 3199 355 3269 repositus,
378 3199 498 3271 scriptus
520 3204 550 3254 ut
565 3198 675 3254 videtur
692 3217 716 3255 1.
738 3205 850 3258 146211
875 3216 935 3254 cum
951 3200 1048 3256 Tacito
1070 3202 1110 3257 de

199 3279 364 3338 Oratoribus
376 3282 549 3355 coniunctus.
594 3282 768 3339 Examinavit
785 3301 809 3339 a.
827 3289 894 3342 1831
909 3282 982 3338 Frid.
999 3282 1108 3340 Osann.

240 3372 266 3424 3.
284 3366 474 3421 Parisinus
489 3371 568 3436 7773,
584 3367 720 3436 quondam
735 3366 911 3439 Petauiauus‚
927 3381 988 3422 oum
1004 3370 1110 3425 eodem

199 3449 288 3504 Taciti
305 3450 402 3505 libello
420 3451 585 3522 cohaerens,
601 3450 720 3506 omnium
735 3451 869 3507 liltrcruuu
881 3456 909 3506 et
923 3451 1063 3523 pessimus
1080 3459 1112 3508 et
