2334 3870
126 199 169 259 24
214 206 244 255 e.
260 205 410 255 aurarem
426 203 557 263 anano.
573 202 621 248 nu
635 200 719 248 vura
735 197 1044 248 consarcinaret.

128 364 271 425 rationem
293 361 407 422 dicendi
429 368 548 435 tenere,
572 365 601 417 et
622 356 657 417 ad
674 354 840 416 Cornelium
855 353 1002 433 Nepotem
1022 352 1060 415 de
1082 375 1131 419 eo

131 447 195 509 dem
215 447 255 507 ita
272 447 403 525 scripsit:
433 441 536 516 Quid?
563 446 722 502 oratorum
747 456 834 518 quem
861 436 933 498 tcic
962 443 1134 520 antepones

131 548 252 606 eornm,
283 527 422 609 qninibil
435 525 523 587 aliud
537 527 684 605 eperunt?
714 524 783 602 quis
797 521 956 584 sententiis
978 529 1035 584 ant
1056 543 1131 587 acn-

130 617 192 678 tior
210 620 266 674 aut
284 611 446 674 crebrior?
475 610 544 690 quis
563 607 668 669 uerbis
688 615 742 669 aut
764 607 907 669 ornatior
928 611 985 666 aut
1006 607 1128 687 elepan-

130 701 214 760 ticr?
241 697 337 758 Genus
357 693 541 774 eloquentiae
565 693 631 753 dum
652 701 730 754 taxat
747 691 920 753 adulescens
942 689 1034 752 adbuc
1048 692 1147 752 Stra-s

129 783 215 844 bonis
244 779 379 841 Caesaris
411 787 529 838 secutus
547 778 673 853 uldetur,
705 777 783 836 cuius
808 778 893 836 etiam
920 792 961 836 ex
988 775 1125 853 oratione,

130 884 204 946 quae
222 863 389 924 inscribitur
402 880 462 941 pro
475 861 605 939 Sardis,
635 861 670 921 ad
692 859 812 920 verbum
832 858 969 920 nonnulla
989 860 1131 921 transtulit

129 951 159 1009 in
177 949 381 1009 divinationem
397 964 484 1007 suam.
507 946 712 1006 Pronuntiasse
725 953 818 1004 autem
833 943 937 1004 dicitur
948 960 1027 1004 voce
1037 953 1131 1023 acuta,

131 1032 242 1095 ardenti
264 1041 343 1090 motu
364 1040 523 1111 gestuque,
546 1047 603 1089 non
625 1031 686 1088 sine
708 1036 870 1089 venustate.
907 1023 1061 1089 Orationes
1081 1029 1132 1090 ali·

130 1134 201 1196 quas
221 1116 354 1193 reliquit,
383 1118 458 1173 inter
485 1131 555 1191 quas
583 1121 694 1172 temere
722 1112 861 1190 quaedam
889 1111 1031 1174 feruutur.
1068 1111 1131 1174 Pro
1141 1128 1165 1173 n

131 1199 243 1273 Quinto
266 1197 387 1258 Metello
407 1213 465 1256 non
488 1197 628 1256 immerito
648 1194 798 1273 Angustus
820 1196 965 1256 existimat
983 1199 1077 1274 magis
1094 1197 1131 1257 ab

130 1283 256 1343 actuaris
272 1288 426 1359 exceptam
439 1279 515 1340 male
532 1278 774 1358 subsequentibus
787 1279 878 1341 verba
896 1279 1025 1356 dicentis,
1042 1297 1128 1359 qnam

130 1366 166 1427 ab
182 1367 247 1445 ipsc
263 1365 382 1433 editam;
406 1382 470 1425 nam
491 1366 520 1423 iu
536 1362 703 1442 quibusdam
726 1363 942 1444 exemplaribus
953 1363 1066 1424 invenio
1089 1380 1126 1422 ne

129 1451 298 1529 inscriptam
313 1449 427 1528 quidem
440 1466 500 1526 pro
516 1447 654 1525 Metello,
682 1447 735 1508 sed
748 1466 842 1528 quarn
855 1447 983 1526 scripsit
996 1445 1128 1524 Metello,

43 1588 46 1593 .
131 1551 196 1594 cum
224 1551 262 1593 ex
287 1551 415 1614 persona
444 1531 579 1594 Caesaris
608 1551 704 1593 sermo
732 1535 769 1593 sit
793 1532 942 1594 Metellum
970 1549 1062 1612 seque
1082 1531 1165 1593 adas

130 1636 233 1678 versus
265 1620 453 1677 communium
484 1617 712 1678 obtrectatorum
735 1618 948 1677 criminationes
970 1619 1131 1697 purgantis.

129 1699 225 1779 Apud
239 1702 351 1762 milites
367 1718 482 1780 quoque
498 1702 532 1760 in
545 1700 703 1778 Hispania
717 1700 793 1761 idem
808 1701 958 1779 Angustus
974 1701 1025 1760 vix
1040 1703 1131 1782 ipsius

130 1792 225 1865 putat,
250 1803 322 1863 quae
344 1794 438 1844 tamen
462 1782 571 1862 duplex
590 1785 696 1845 fertur:
725 1804 781 1847 una
805 1786 886 1865 quasi
912 1787 1011 1866 priore
1035 1784 1133 1846 lrabita

129 1866 263 1948 proelio,
290 1868 380 1928 altera
409 1869 593 1947 posteriore,
618 1886 674 1947 quc
700 1869 818 1930 Asinius
839 1868 936 1931 Pollio
959 1887 997 1930 ne
1019 1879 1132 1950 tempus

131 1949 245 2031 quidem
273 1950 456 2011 contionandi
477 1951 613 2012 habuisse
637 1971 701 2012 eum
730 1952 800 2014 dicit
828 1953 922 2014 subita
941 1951 1068 2015 hostium
1089 1956 1164 2015 imae

86 2034 278 2100 occursione.
314 2035 443 2114 Reliquit
471 2044 500 2095 et
518 2055 614 2097 rerum
639 2056 753 2098 suarum
780 2039 1003 2099 commentarios
1028 2038 1131 2101 Gallici

131 2116 283 2198 civilisque
303 2119 375 2180 belli
397 2119 575 2200 Pompeiani.
611 2121 683 2182 Nam
704 2121 894 2184 Alexandrini
922 2123 1076 2204 Africique
1103 2132 1133 2185 et

127 2195 327 2283 Hispaniensis
348 2206 477 2265 incertus
499 2215 601 2267 auctor
625 2216 685 2267 est:
717 2207 765 2267 alii
790 2207 914 2287 Oppium
941 2215 1058 2287 putant,
1083 2207 1132 2268 alii

127 2286 247 2348 Hirtium
272 2291 319 2368 qui
341 2291 426 2351 etiam
447 2289 551 2352 Gallici
572 2291 642 2352 belli
662 2293 849 2352 novissimum
870 2291 1131 2372 imperfectumque

128 2370 231 2435 librum
260 2374 450 2453 suppleverit.
490 2373 535 2434 De
560 2378 772 2437 commentariis
800 2374 934 2437 Caesaris
964 2373 1072 2437 Cicero
1101 2376 1163 2437 inas

128 2457 233 2516 eodem
249 2455 337 2519 Bruto
359 2460 402 2519 sic
417 2459 524 2519 refert:
549 2457 792 2521 Commentarios
805 2459 935 2540 scripsit
950 2459 1046 2521 coldo
1062 2461 1130 2541 qni·

129 2540 196 2597 ciem
213 2539 415 2617 probandos:
444 2541 522 2601 nudi
548 2549 636 2619 scint,
666 2544 745 2604 recti
763 2551 793 2605 et
812 2543 948 2620 censesti,
974 2545 1058 2606 ornni
1078 2562 1130 2606 or·

127 2627 204 2680 natu
223 2623 377 2684 orationis
396 2630 550 2703 tamqnam
570 2634 654 2688 ceste
674 2625 816 2690 detracta
822 2653 838 2700 ‚·
865 2628 922 2692 scd
941 2627 1014 2690 dnm
1033 2628 1133 2691 coluit

128 2703 210 2763 alios
223 2704 340 2768 babere
355 2715 492 2787 parata,
521 2709 604 2770 unde
615 2719 770 2773 sumerem
788 2714 842 2792 qni
859 2713 973 2776 uellent
990 2710 1132 2776 scribere

126 2787 305 2866 historiam,
339 2791 453 2870 ineptis
468 2799 593 2872 pratum
616 2794 757 2874 fortasse
783 2795 860 2876 [ecit
878 2796 933 2878 qni
950 2797 1008 2859 ilia
1027 2797 1164 2862 colentes

127 2871 318 2934 calamistris
336 2875 478 2954 inurere,
500 2894 598 2940 sanos
618 2879 738 2959 quidem
763 2880 901 2943 domines
922 2898 944 2941 a
963 2879 1130 2944 scribendo

127 2956 283 3018 deterrent.
328 2959 373 3020 De
400 2959 492 3021 isdem
522 2966 733 3025 commentariis
761 2965 869 3027 Hirtius
898 2968 937 3028 ita
962 2965 1130 3046 praedicat:

126 3039 213 3103 naec
225 3040 400 3120 probantur
414 3046 546 3107 omnium
559 3047 691 3126 iudicio,
710 3055 744 3110 nt
755 3058 938 3130 praerepta,
957 3067 1021 3113 non
1031 3068 1128 3131 prac-

91 3144 96 3153 ·
127 3124 191 3186 bita
215 3124 355 3205 facultas
390 3131 599 3209 scriptoribus
623 3133 776 3196 uideatur.
819 3133 917 3198 Cuius
951 3140 1054 3197 tamen
1081 3135 1132 3197 rei

125 3210 227 3273 maior
240 3218 350 3275 nostra
362 3231 454 3293 quam
464 3216 654 3296 reliqmrum
668 3224 715 3280 est
728 3219 912 3291 adnuntia·
928 3218 1027 3281 ceteri·
1036 3217 1128 3299 adm,
1137 3243 1163 3286 ss

125 3295 306 3373 quambene
319 3303 411 3378 atque
429 3301 601 3380 emendate,
630 3320 689 3365 nos
710 3304 816 3381 etiam,
847 3322 941 3385 quam
956 3302 1128 3383 fecilent-

125 3395 185 3456 que
209 3381 349 3444 celeriter
379 3400 433 3445 eos
457 3386 695 3465 perscripserit,
722 3388 847 3450 scimus.
881 3388 993 3451 Palia-
1007 3386 1130 3451 tatum

123 3480 224 3540 param
241 3466 396 3546 diligenter
413 3486 572 3550 parumque
597 3472 711 3550 integra
731 3474 880 3535 veritates
944 3472 1128 3563 psaltem·
