<?xml version="1.0" encoding="UTF-8"?>
<!DOCTYPE html PUBLIC "-//W3C//DTD XHTML 1.0 Transitional//EN"
    "http://www.w3.org/TR/xhtml1/DTD/xhtml1-transitional.dtd">
<html xmlns="http://www.w3.org/1999/xhtml" xml:lang="en" lang="en">
 <head>
  <title>
</title>
<meta http-equiv="Content-Type" content="text/html;charset=utf-8" />
  <meta name='ocr-system' content='tesseract 3.04.00' />
  <meta name='ocr-capabilities' content='ocr_page ocr_carea ocr_par ocr_line ocrx_word'/>
</head>
<body>
  <div class='ocr_page' id='page_1' title='image "./csuetonitranqui00trangoog_0019.png"; bbox 0 0 2286 3862; ppageno 0'>
   <div class='ocr_carea' id='block_1_1' title="bbox 108 193 657 246">
    <p class='ocr_par' dir='ltr' id='par_1_1' title="bbox 108 193 657 246">
     <span class='ocr_line' id='line_1_1' title="bbox 108 193 657 246; baseline -0.013 -1"><span class='ocrx_word' id='word_1_1' title='bbox 108 199 162 246; x_wconf 80' lang='grc' dir='ltr'><strong>ΧΠ</strong></span> <span class='ocrx_word' id='word_1_2' title='bbox 450 193 657 240; x_wconf 76' lang='lat' dir='ltr'><strong>PRAEFATIO.</strong></span> 
     </span>
    </p>
   </div>
   <div class='ocr_carea' id='block_1_2' title="bbox 71 350 1029 3259">
    <p class='ocr_par' dir='ltr' id='par_1_2' title="bbox 108 350 1029 2333">
     <span class='ocr_line' id='line_1_2' title="bbox 112 350 1029 424; baseline 0.001 -12"><span class='ocrx_word' id='word_1_3' title='bbox 112 363 155 413; x_wconf 88' lang='lat' dir='ltr'><strong>est</strong></span> <span class='ocrx_word' id='word_1_4' title='bbox 170 362 200 411; x_wconf 95' lang='lat' dir='ltr'><strong>ut</strong></span> <span class='ocrx_word' id='word_1_5' title='bbox 220 356 250 410; x_wconf 91' lang='lat' dir='ltr'><strong>in</strong></span> <span class='ocrx_word' id='word_1_6' title='bbox 270 352 641 424; x_wconf 74' lang='lat' dir='ltr'><strong>antiquissimoarennieno</strong></span> <span class='ocrx_word' id='word_1_7' title='bbox 663 350 762 407; x_wconf 89' lang='lat' dir='ltr'><strong>codice</strong></span> <span class='ocrx_word' id='word_1_8' title='bbox 779 353 925 408; x_wconf 92' lang='lat' dir='ltr'><strong>duodecim</strong></span> <span class='ocrx_word' id='word_1_9' title='bbox 946 355 1029 412; x_wconf 84' lang='lat' dir='ltr'><strong>vitae</strong></span> 
     </span>
     <span class='ocr_line' id='line_1_3' title="bbox 112 436 1027 509; baseline -0.001 -14"><span class='ocrx_word' id='word_1_10' title='bbox 112 440 268 496; x_wconf 88' lang='lat' dir='ltr'><strong>nominibus</strong></span> <span class='ocrx_word' id='word_1_11' title='bbox 288 439 483 509; x_wconf 92' lang='lat' dir='ltr'><strong>imperatorum</strong></span> <span class='ocrx_word' id='word_1_12' title='bbox 499 436 738 507; x_wconf 78' lang='lat' dir='ltr'>distinguerentur</span> <span class='ocrx_word' id='word_1_13' title='bbox 757 451 870 505; x_wconf 86' lang='lat' dir='ltr'><strong>omues,</strong></span> <span class='ocrx_word' id='word_1_14' title='bbox 891 437 943 492; x_wconf 89' lang='lat' dir='ltr'><strong>sed</strong></span> <span class='ocrx_word' id='word_1_15' title='bbox 966 456 1027 494; x_wconf 93' lang='lat' dir='ltr'><strong>non</strong></span> 
     </span>
     <span class='ocr_line' id='line_1_4' title="bbox 111 518 1028 594; baseline -0.001 -15"><span class='ocrx_word' id='word_1_16' title='bbox 111 525 183 580; x_wconf 87' lang='lat' dir='ltr'><strong>ultra</strong></span> <span class='ocrx_word' id='word_1_17' title='bbox 205 523 326 594; x_wconf 92' lang='lat' dir='ltr'><strong>quinque</strong></span> <span class='ocrx_word' id='word_1_18' title='bbox 346 521 448 592; x_wconf 90' lang='lat' dir='ltr'><strong>primas</strong></span> <span class='ocrx_word' id='word_1_19' title='bbox 470 521 533 576; x_wconf 82' lang='lat' dir='ltr'><strong>Diui</strong></span> <span class='ocrx_word' id='word_1_20' title='bbox 556 520 638 587; x_wconf 82' lang='lat' dir='ltr'><strong>Iulii,</strong></span> <span class='ocrx_word' id='word_1_21' title='bbox 659 518 723 574; x_wconf 88' lang='lat' dir='ltr'><strong>Divi</strong></span> <span class='ocrx_word' id='word_1_22' title='bbox 741 519 880 591; x_wconf 77' lang='lat' dir='ltr'>Augusti,</span> <span class='ocrx_word' id='word_1_23' title='bbox 902 521 1028 594; x_wconf 82' lang='lat' dir='ltr'><strong>Tiberii,</strong></span> 
     </span>
     <span class='ocr_line' id='line_1_5' title="bbox 112 602 1028 679; baseline 0.002 -17"><span class='ocrx_word' id='word_1_24' title='bbox 112 607 139 662; x_wconf 82' lang='lat' dir='ltr'><strong>C.</strong></span> <span class='ocrx_word' id='word_1_25' title='bbox 159 602 353 679; x_wconf 79' lang='lat' dir='ltr'><strong>Caligulae²)‚</strong></span> <span class='ocrx_word' id='word_1_26' title='bbox 379 603 443 660; x_wconf 89' lang='lat' dir='ltr'><strong>Divi</strong></span> <span class='ocrx_word' id='word_1_27' title='bbox 467 604 574 659; x_wconf 84' lang='lat' dir='ltr'><strong>Claudii</strong></span> <span class='ocrx_word' id='word_1_28' title='bbox 597 604 669 658; x_wconf 89' lang='lat' dir='ltr'><strong>vitas</strong></span> <span class='ocrx_word' id='word_1_29' title='bbox 698 604 859 658; x_wconf 89' lang='lat' dir='ltr'><strong>numerandi</strong></span> <span class='ocrx_word' id='word_1_30' title='bbox 880 607 1028 665; x_wconf 81' lang='lat' dir='ltr'><strong>vocabula</strong></span> 
     </span>
     <span class='ocr_line' id='line_1_6' title="bbox 111 687 1029 759; baseline -0.001 -12"><span class='ocrx_word' id='word_1_31' title='bbox 111 696 291 747; x_wconf 75' lang='lat' dir='ltr'><strong>servarentur</strong></span> <span class='ocrx_word' id='word_1_32' title='bbox 310 689 407 744; x_wconf 90' lang='lat' dir='ltr'><strong>liber</strong></span> <span class='ocrx_word' id='word_1_33' title='bbox 423 689 571 759; x_wconf 88' lang='lat' dir='ltr'><strong>primus,</strong></span> <span class='ocrx_word' id='word_1_34' title='bbox 588 687 685 742; x_wconf 90' lang='lat' dir='ltr'><strong>iiber</strong></span> <span class='ocrx_word' id='word_1_35' title='bbox 700 687 901 756; x_wconf 82' lang='lat' dir='ltr'><strong>secundus,</strong></span> <span class='ocrx_word' id='word_1_36' title='bbox 919 689 1029 746; x_wconf 91' lang='lat' dir='ltr'><strong>liber</strong></span> 
     </span>
     <span class='ocr_line' id='line_1_7' title="bbox 111 770 1028 842; baseline 0 -12"><span class='ocrx_word' id='word_1_37' title='bbox 111 773 262 842; x_wconf 89' lang='lat' dir='ltr'><strong>tertius,</strong></span> <span class='ocrx_word' id='word_1_38' title='bbox 278 772 559 842; x_wconf 86' lang='lat' dir='ltr'><strong>liberquartus,</strong></span> <span class='ocrx_word' id='word_1_39' title='bbox 575 770 843 839; x_wconf 88' lang='lat' dir='ltr'><strong>liberquiutus.</strong></span> <span class='ocrx_word' id='word_1_40' title='bbox 866 771 1028 830; x_wconf 76' lang='lat' dir='ltr'><strong>Aenehoc</strong></span> 
     </span>
     <span class='ocr_line' id='line_1_8' title="bbox 113 853 1027 928; baseline 0 -15"><span class='ocrx_word' id='word_1_41' title='bbox 113 858 223 928; x_wconf 91' lang='lat' dir='ltr'><strong>quidem</strong></span> <span class='ocrx_word' id='word_1_42' title='bbox 236 855 508 928; x_wconf 91' lang='lat' dir='ltr'><strong>praetermittendum</strong></span> <span class='ocrx_word' id='word_1_43' title='bbox 520 861 572 916; x_wconf 80' lang='lat' dir='ltr'><strong>est,</strong></span> <span class='ocrx_word' id='word_1_44' title='bbox 587 854 661 925; x_wconf 89' lang='lat' dir='ltr'><strong>quod</strong></span> <span class='ocrx_word' id='word_1_45' title='bbox 673 853 701 907; x_wconf 91' lang='lat' dir='ltr'><strong>iu</strong></span> <span class='ocrx_word' id='word_1_46' title='bbox 714 855 812 909; x_wconf 89' lang='lat' dir='ltr'><strong>eodem</strong></span> <span class='ocrx_word' id='word_1_47' title='bbox 824 854 897 909; x_wconf 82' lang='lat' dir='ltr'><strong>libro</strong></span> <span class='ocrx_word' id='word_1_48' title='bbox 915 856 1027 914; x_wconf 80' lang='lat' dir='ltr'><strong>Caesa-</strong></span> 
     </span>
     <span class='ocr_line' id='line_1_9' title="bbox 110 938 1026 1011; baseline -0.001 -15"><span class='ocrx_word' id='word_1_49' title='bbox 110 959 158 997; x_wconf 91' lang='lat' dir='ltr'><strong>res</strong></span> <span class='ocrx_word' id='word_1_50' title='bbox 172 957 224 998; x_wconf 89' lang='lat' dir='ltr'><strong>sex</strong></span> <span class='ocrx_word' id='word_1_51' title='bbox 235 939 316 1011; x_wconf 91' lang='lat' dir='ltr'><strong>primi</strong></span> <span class='ocrx_word' id='word_1_52' title='bbox 328 938 604 1009; x_wconf 79' lang='lat' dir='ltr'><strong>singulisversiculis</strong></span> <span class='ocrx_word' id='word_1_53' title='bbox 617 938 770 992; x_wconf 86' lang='lat' dir='ltr'><strong>litterarum</strong></span> <span class='ocrx_word' id='word_1_54' title='bbox 783 938 917 994; x_wconf 90' lang='lat' dir='ltr'><strong>maiorum</strong></span> <span class='ocrx_word' id='word_1_55' title='bbox 931 947 960 994; x_wconf 90' lang='lat' dir='ltr'><strong>et</strong></span> <span class='ocrx_word' id='word_1_56' title='bbox 975 959 1026 996; x_wconf 90' lang='lat' dir='ltr'><strong>ru-</strong></span> 
     </span>
     <span class='ocr_line' id='line_1_10' title="bbox 109 1021 1026 1093; baseline 0.001 -13"><span class='ocrx_word' id='word_1_57' title='bbox 109 1025 278 1080; x_wconf 88' lang='lat' dir='ltr'><strong>bricatarum</strong></span> <span class='ocrx_word' id='word_1_58' title='bbox 294 1023 444 1093; x_wconf 89' lang='lat' dir='ltr'><strong>incipiunt,</strong></span> <span class='ocrx_word' id='word_1_59' title='bbox 457 1038 509 1077; x_wconf 83' lang='lat' dir='ltr'><strong>sex</strong></span> <span class='ocrx_word' id='word_1_60' title='bbox 522 1021 709 1093; x_wconf 78' lang='lat' dir='ltr'><strong>posteriorum</strong></span> <span class='ocrx_word' id='word_1_61' title='bbox 725 1027 827 1076; x_wconf 88' lang='lat' dir='ltr'><strong>tantum</strong></span> <span class='ocrx_word' id='word_1_62' title='bbox 845 1023 913 1088; x_wconf 92' lang='lat' dir='ltr'><strong>duo,</strong></span> <span class='ocrx_word' id='word_1_63' title='bbox 933 1023 1026 1082; x_wconf 80' lang='lat' dir='ltr'><strong>Galba</strong></span> 
     </span>
     <span class='ocr_line' id='line_1_11' title="bbox 111 1105 1025 1179; baseline 0.002 -17"><span class='ocrx_word' id='word_1_64' title='bbox 111 1114 139 1162; x_wconf 92' lang='lat' dir='ltr'><strong>et</strong></span> <span class='ocrx_word' id='word_1_65' title='bbox 155 1107 296 1163; x_wconf 88' lang='lat' dir='ltr'><strong>Vitellius.</strong></span> <span class='ocrx_word' id='word_1_66' title='bbox 342 1106 514 1161; x_wconf 86' lang='lat' dir='ltr'><strong>Procedente</strong></span> <span class='ocrx_word' id='word_1_67' title='bbox 535 1111 660 1176; x_wconf 89' lang='lat' dir='ltr'><strong>tempore</strong></span> <span class='ocrx_word' id='word_1_68' title='bbox 674 1105 773 1160; x_wconf 90' lang='lat' dir='ltr'><strong>malum</strong></span> <span class='ocrx_word' id='word_1_69' title='bbox 793 1105 876 1160; x_wconf 86' lang='lat' dir='ltr'><strong>latius</strong></span> <span class='ocrx_word' id='word_1_70' title='bbox 903 1110 1025 1179; x_wconf 85' lang='lat' dir='ltr'><strong>serpsit,</strong></span> 
     </span>
     <span class='ocr_line' id='line_1_12' title="bbox 111 1182 1023 1261; baseline 0.002 -15"><span class='ocrx_word' id='word_1_71' title='bbox 111 1207 172 1246; x_wconf 92' lang='lat' dir='ltr'><strong>cum</strong></span> <span class='ocrx_word' id='word_1_72' title='bbox 184 1191 367 1261; x_wconf 91' lang='lat' dir='ltr'><strong>interruptum</strong></span> <span class='ocrx_word' id='word_1_73' title='bbox 383 1205 558 1244; x_wconf 89' lang='lat' dir='ltr'><strong>numerorum</strong></span> <span class='ocrx_word' id='word_1_74' title='bbox 572 1189 698 1244; x_wconf 83' lang='lat' dir='ltr'><strong>ordinem</strong></span> <span class='ocrx_word' id='word_1_75' title='bbox 713 1188 846 1245; x_wconf 89' lang='lat' dir='ltr'><strong>librarius</strong></span> <span class='ocrx_word' id='word_1_76' title='bbox 861 1182 965 1261; x_wconf 90' lang='lat' dir='ltr'><strong>aiiquis</strong></span> <span class='ocrx_word' id='word_1_77' title='bbox 981 1192 1023 1249; x_wconf 87' lang='lat' dir='ltr'><strong>ita</strong></span> 
     </span>
     <span class='ocr_line' id='line_1_13' title="bbox 109 1272 1021 1343; baseline 0.002 -14"><span class='ocrx_word' id='word_1_78' title='bbox 109 1274 319 1330; x_wconf 90' lang='lat' dir='ltr'><strong>resarciendum</strong></span> <span class='ocrx_word' id='word_1_79' title='bbox 331 1272 519 1341; x_wconf 79' lang='lat' dir='ltr'><strong>existimaret,</strong></span> <span class='ocrx_word' id='word_1_80' title='bbox 535 1279 564 1329; x_wconf 88' lang='lat' dir='ltr'><strong>ut</strong></span> <span class='ocrx_word' id='word_1_81' title='bbox 580 1272 699 1341; x_wconf 89' lang='lat' dir='ltr'><strong>singulis</strong></span> <span class='ocrx_word' id='word_1_82' title='bbox 710 1272 776 1328; x_wconf 88' lang='lat' dir='ltr'><strong>vitis</strong></span> <span class='ocrx_word' id='word_1_83' title='bbox 789 1273 916 1343; x_wconf 81' lang='lat' dir='ltr'><strong>singulos</strong></span> <span class='ocrx_word' id='word_1_84' title='bbox 929 1274 1021 1331; x_wconf 90' lang='lat' dir='ltr'><strong>libros</strong></span> 
     </span>
     <span class='ocr_line' id='line_1_14' title="bbox 109 1355 1018 1426; baseline 0.001 -13"><span class='ocrx_word' id='word_1_85' title='bbox 109 1358 257 1425; x_wconf 84' lang='lat' dir='ltr'><strong>tribueret,</strong></span> <span class='ocrx_word' id='word_1_86' title='bbox 271 1357 300 1411; x_wconf 94' lang='lat' dir='ltr'><strong>id</strong></span> <span class='ocrx_word' id='word_1_87' title='bbox 317 1362 360 1410; x_wconf 92' lang='lat' dir='ltr'><strong>est</strong></span> <span class='ocrx_word' id='word_1_88' title='bbox 375 1355 464 1412; x_wconf 90' lang='lat' dir='ltr'><strong>libros</strong></span> <span class='ocrx_word' id='word_1_89' title='bbox 479 1356 666 1426; x_wconf 72' lang='lat' dir='ltr'><strong>distingueret</strong></span> <span class='ocrx_word' id='word_1_90' title='bbox 680 1356 835 1412; x_wconf 89' lang='lat' dir='ltr'><strong>duodecim.</strong></span> <span class='ocrx_word' id='word_1_91' title='bbox 882 1357 921 1413; x_wconf 89' lang='lat' dir='ltr'><strong>Ea</strong></span> <span class='ocrx_word' id='word_1_92' title='bbox 940 1359 1018 1414; x_wconf 88' lang='lat' dir='ltr'><strong>labes</strong></span> 
     </span>
     <span class='ocr_line' id='line_1_15' title="bbox 110 1435 1022 1511; baseline 0.003 -16"><span class='ocrx_word' id='word_1_93' title='bbox 110 1439 165 1497; x_wconf 86' lang='lat' dir='ltr'><strong>iam</strong></span> <span class='ocrx_word' id='word_1_94' title='bbox 180 1440 305 1495; x_wconf 89' lang='lat' dir='ltr'><strong>codicem</strong></span> <span class='ocrx_word' id='word_1_95' title='bbox 321 1439 476 1495; x_wconf 85' lang='lat' dir='ltr'><strong>Mediceum</strong></span> <span class='ocrx_word' id='word_1_96' title='bbox 494 1440 605 1496; x_wconf 90' lang='lat' dir='ltr'><strong>tertium</strong></span> <span class='ocrx_word' id='word_1_97' title='bbox 619 1435 672 1511; x_wconf 86' lang='lat' dir='ltr'><strong>(pl.</strong></span> <span class='ocrx_word' id='word_1_98' title='bbox 690 1445 743 1508; x_wconf 80' lang='lat'><strong>68,</strong></span> <span class='ocrx_word' id='word_1_99' title='bbox 765 1435 798 1511; x_wconf 84' lang='lat'><strong>7)</strong></span> <span class='ocrx_word' id='word_1_100' title='bbox 816 1440 862 1510; x_wconf 93' lang='lat' dir='ltr'><strong>qui</strong></span> <span class='ocrx_word' id='word_1_101' title='bbox 878 1440 952 1497; x_wconf 89' lang='lat' dir='ltr'><strong>inter</strong></span> <span class='ocrx_word' id='word_1_102' title='bbox 967 1444 1022 1498; x_wconf 88' lang='lat' dir='ltr'><strong>mi-</strong></span> 
     </span>
     <span class='ocr_line' id='line_1_16' title="bbox 109 1523 1020 1595; baseline 0.003 -17"><span class='ocrx_word' id='word_1_103' title='bbox 109 1540 160 1581; x_wconf 83' lang='lat' dir='ltr'><strong>uus</strong></span> <span class='ocrx_word' id='word_1_104' title='bbox 183 1524 311 1594; x_wconf 83' lang='lat' dir='ltr'><strong>integros</strong></span> <span class='ocrx_word' id='word_1_105' title='bbox 327 1524 362 1578; x_wconf 91' lang='lat' dir='ltr'><strong>de</strong></span> <span class='ocrx_word' id='word_1_106' title='bbox 385 1523 584 1595; x_wconf 81' lang='lat' dir='ltr'><strong>antiquissimis</strong></span> <span class='ocrx_word' id='word_1_107' title='bbox 608 1530 668 1591; x_wconf 84' lang='lat' dir='ltr'><strong>cst,</strong></span> <span class='ocrx_word' id='word_1_108' title='bbox 689 1524 852 1594; x_wconf 79' lang='lat' dir='ltr'><strong>occupavit,</strong></span> <span class='ocrx_word' id='word_1_109' title='bbox 870 1531 901 1579; x_wconf 88' lang='lat' dir='ltr'><strong>ut</strong></span> <span class='ocrx_word' id='word_1_110' title='bbox 920 1526 1020 1582; x_wconf 90' lang='lat' dir='ltr'><strong>mirum</strong></span> 
     </span>
     <span class='ocr_line' id='line_1_17' title="bbox 109 1602 1014 1677; baseline 0 -14"><span class='ocrx_word' id='word_1_111' title='bbox 109 1602 201 1663; x_wconf 89' lang='lat' dir='ltr'><strong>videri</strong></span> <span class='ocrx_word' id='word_1_112' title='bbox 218 1623 272 1661; x_wconf 91' lang='lat' dir='ltr'><strong>uon</strong></span> <span class='ocrx_word' id='word_1_113' title='bbox 289 1607 407 1675; x_wconf 80' lang='lat' dir='ltr'><strong>debeat,</strong></span> <span class='ocrx_word' id='word_1_114' title='bbox 429 1608 504 1677; x_wconf 92' lang='lat' dir='ltr'><strong>quod</strong></span> <span class='ocrx_word' id='word_1_115' title='bbox 520 1606 685 1663; x_wconf 82' lang='lat' dir='ltr'><strong>Vincentius</strong></span> <span class='ocrx_word' id='word_1_116' title='bbox 700 1608 909 1663; x_wconf 86' lang='lat' dir='ltr'><strong>Bellovacensis</strong></span> <span class='ocrx_word' id='word_1_117' title='bbox 924 1612 952 1660; x_wconf 87' lang='lat' dir='ltr'><strong>et</strong></span> <span class='ocrx_word' id='word_1_118' title='bbox 967 1607 1014 1663; x_wconf 71' lang='lat' dir='ltr'><strong>ia—</strong></span> 
     </span>
     <span class='ocr_line' id='line_1_18' title="bbox 110 1689 1017 1761; baseline -0.002 -15"><span class='ocrx_word' id='word_1_119' title='bbox 110 1690 196 1746; x_wconf 83' lang='lat' dir='ltr'><strong>cchus</strong></span> <span class='ocrx_word' id='word_1_120' title='bbox 220 1690 311 1758; x_wconf 81' lang='lat' dir='ltr'><strong>Magni</strong></span> <span class='ocrx_word' id='word_1_121' title='bbox 340 1695 367 1743; x_wconf 91' lang='lat' dir='ltr'><strong>et</strong></span> <span class='ocrx_word' id='word_1_122' title='bbox 389 1690 437 1744; x_wconf 89' lang='lat' dir='ltr'><strong>aiii</strong></span> <span class='ocrx_word' id='word_1_123' title='bbox 458 1690 566 1744; x_wconf 91' lang='lat' dir='ltr'><strong>mediae</strong></span> <span class='ocrx_word' id='word_1_124' title='bbox 589 1689 689 1745; x_wconf 85' lang='lat' dir='ltr'><strong>aetatis</strong></span> <span class='ocrx_word' id='word_1_125' title='bbox 713 1689 868 1761; x_wconf 78' lang='lat' dir='ltr'><strong>scriptores</strong></span> <span class='ocrx_word' id='word_1_126' title='bbox 889 1705 949 1744; x_wconf 90' lang='lat' dir='ltr'><strong>oum</strong></span> <span class='ocrx_word' id='word_1_127' title='bbox 963 1706 1017 1744; x_wconf 83' lang='lat' dir='ltr'><strong>ue-</strong></span> 
     </span>
     <span class='ocr_line' id='line_1_19' title="bbox 108 1771 1019 1830; baseline 0.003 -3"><span class='ocrx_word' id='word_1_128' title='bbox 108 1773 270 1828; x_wconf 87' lang='lat' dir='ltr'><strong>tustissimis</strong></span> <span class='ocrx_word' id='word_1_129' title='bbox 287 1772 442 1828; x_wconf 89' lang='lat' dir='ltr'><strong>editoribus</strong></span> <span class='ocrx_word' id='word_1_130' title='bbox 457 1774 530 1827; x_wconf 91' lang='lat' dir='ltr'><strong>hunc</strong></span> <span class='ocrx_word' id='word_1_131' title='bbox 546 1774 670 1830; x_wconf 89' lang='lat' dir='ltr'><strong>ordinem</strong></span> <span class='ocrx_word' id='word_1_132' title='bbox 686 1775 776 1829; x_wconf 87' lang='lat' dir='ltr'><strong>secuti</strong></span> <span class='ocrx_word' id='word_1_133' title='bbox 792 1774 855 1830; x_wconf 86' lang='lat' dir='ltr'><strong>siut.</strong></span> <span class='ocrx_word' id='word_1_134' title='bbox 888 1771 945 1829; x_wconf 87' lang='lat' dir='ltr'><strong>Sed</strong></span> <span class='ocrx_word' id='word_1_135' title='bbox 957 1790 1019 1830; x_wconf 92' lang='lat' dir='ltr'><strong>cum</strong></span> 
     </span>
     <span class='ocr_line' id='line_1_20' title="bbox 108 1855 1021 1927; baseline 0.001 -16"><span class='ocrx_word' id='word_1_136' title='bbox 108 1855 330 1927; x_wconf 84' lang='lat' dir='ltr'><strong>reputaverimus</strong></span> <span class='ocrx_word' id='word_1_137' title='bbox 345 1861 403 1911; x_wconf 93' lang='lat' dir='ltr'><strong>tres</strong></span> <span class='ocrx_word' id='word_1_138' title='bbox 415 1855 529 1913; x_wconf 83' lang='lat' dir='ltr'><strong>Flavios</strong></span> <span class='ocrx_word' id='word_1_139' title='bbox 541 1857 705 1912; x_wconf 89' lang='lat' dir='ltr'><strong>coniunctos</strong></span> <span class='ocrx_word' id='word_1_140' title='bbox 720 1859 820 1913; x_wconf 89' lang='lat' dir='ltr'><strong>librum</strong></span> <span class='ocrx_word' id='word_1_141' title='bbox 836 1857 951 1913; x_wconf 81' lang='lat' dir='ltr'><strong>efficere</strong></span> <span class='ocrx_word' id='word_1_142' title='bbox 967 1858 1021 1912; x_wconf 89' lang='lat' dir='ltr'><strong>mi-</strong></span> 
     </span>
     <span class='ocr_line' id='line_1_21' title="bbox 109 1939 1021 2011; baseline 0.002 -18"><span class='ocrx_word' id='word_1_143' title='bbox 109 1954 207 1995; x_wconf 86' lang='lat' dir='ltr'><strong>norem</strong></span> <span class='ocrx_word' id='word_1_144' title='bbox 224 1954 304 2009; x_wconf 93' lang='lat' dir='ltr'><strong>quam</strong></span> <span class='ocrx_word' id='word_1_145' title='bbox 319 1939 365 1994; x_wconf 89' lang='lat' dir='ltr'><strong>vel</strong></span> <span class='ocrx_word' id='word_1_146' title='bbox 386 1956 467 1994; x_wconf 90' lang='lat' dir='ltr'><strong>unum</strong></span> <span class='ocrx_word' id='word_1_147' title='bbox 482 1941 639 2009; x_wconf 86' lang='lat' dir='ltr'><strong>Tiberium,</strong></span> <span class='ocrx_word' id='word_1_148' title='bbox 656 1947 770 2011; x_wconf 89' lang='lat' dir='ltr'><strong>tresque</strong></span> <span class='ocrx_word' id='word_1_149' title='bbox 787 1939 949 1995; x_wconf 70' lang='lat' dir='ltr'><strong>‘aestivos&#39;</strong></span> <span class='ocrx_word' id='word_1_150' title='bbox 967 1943 1021 1995; x_wconf 90' lang='lat' dir='ltr'><strong>im-</strong></span> 
     </span>
     <span class='ocr_line' id='line_1_22' title="bbox 109 2021 1020 2095; baseline 0.001 -19"><span class='ocrx_word' id='word_1_151' title='bbox 109 2028 256 2093; x_wconf 87' lang='lat' dir='ltr'><strong>peratores</strong></span> <span class='ocrx_word' id='word_1_152' title='bbox 283 2038 318 2076; x_wconf 94' lang='lat' dir='ltr'><strong>ne</strong></span> <span class='ocrx_word' id='word_1_153' title='bbox 345 2021 497 2093; x_wconf 80' lang='lat' dir='ltr'><strong>Caligulam</strong></span> <span class='ocrx_word' id='word_1_154' title='bbox 527 2025 636 2095; x_wconf 89' lang='lat' dir='ltr'><strong>quidem</strong></span> <span class='ocrx_word' id='word_1_155' title='bbox 665 2041 786 2094; x_wconf 90' lang='lat' dir='ltr'><strong>aequare</strong></span> <span class='ocrx_word' id='word_1_156' title='bbox 814 2021 1020 2092; x_wconf 82' lang='lat' dir='ltr'><strong>magnitudine,</strong></span> 
     </span>
     <span class='ocr_line' id='line_1_23' title="bbox 110 2104 1020 2179; baseline 0.004 -21"><span class='ocrx_word' id='word_1_157' title='bbox 110 2105 276 2176; x_wconf 89' lang='lat' dir='ltr'><strong>comparatis</strong></span> <span class='ocrx_word' id='word_1_158' title='bbox 296 2106 377 2161; x_wconf 92' lang='lat' dir='ltr'><strong>etiam</strong></span> <span class='ocrx_word' id='word_1_159' title='bbox 393 2107 510 2162; x_wconf 86' lang='lat' dir='ltr'><strong>aliorum</strong></span> <span class='ocrx_word' id='word_1_160' title='bbox 530 2107 696 2179; x_wconf 87' lang='lat' dir='ltr'><strong>scriptorum</strong></span> <span class='ocrx_word' id='word_1_161' title='bbox 716 2115 746 2163; x_wconf 90' lang='lat' dir='ltr'><strong>ut</strong></span> <span class='ocrx_word' id='word_1_162' title='bbox 761 2104 896 2178; x_wconf 83' lang='lat' dir='ltr'><strong>Diogenis</strong></span> <span class='ocrx_word' id='word_1_163' title='bbox 913 2106 1020 2162; x_wconf 85' lang='lat' dir='ltr'><strong>Laertii</strong></span> 
     </span>
     <span class='ocr_line' id='line_1_24' title="bbox 109 2187 1020 2264; baseline 0.009 -22"><span class='ocrx_word' id='word_1_164' title='bbox 109 2187 274 2256; x_wconf 83' lang='lat' dir='ltr'><strong>rationibus,</strong></span> <span class='ocrx_word' id='word_1_165' title='bbox 287 2197 365 2244; x_wconf 90' lang='lat' dir='ltr'><strong>recte</strong></span> <span class='ocrx_word' id='word_1_166' title='bbox 378 2208 410 2247; x_wconf 89' lang='lat' dir='ltr'><strong>ac</strong></span> <span class='ocrx_word' id='word_1_167' title='bbox 419 2192 517 2248; x_wconf 87' lang='lat' dir='ltr'><strong>merito</strong></span> <span class='ocrx_word' id='word_1_168' title='bbox 530 2192 655 2247; x_wconf 84' lang='lat' dir='ltr'><strong>isaacum</strong></span> <span class='ocrx_word' id='word_1_169' title='bbox 663 2191 854 2264; x_wconf 85' lang='lat' dir='ltr'><strong>Gasaubonum</strong></span> <span class='ocrx_word' id='word_1_170' title='bbox 866 2206 938 2243; x_wconf 89' lang='lat' dir='ltr'><strong>anno</strong></span> <span class='ocrx_word' id='word_1_171' title='bbox 949 2197 1020 2250; x_wconf 81' lang='lat'>1595</span> 
     </span>
     <span class='ocr_line' id='line_1_25' title="bbox 109 2271 789 2333; baseline 0 -7"><span class='ocrx_word' id='word_1_172' title='bbox 109 2271 292 2328; x_wconf 90' lang='lat' dir='ltr'><strong>iudicabimus</strong></span> <span class='ocrx_word' id='word_1_173' title='bbox 309 2272 411 2330; x_wconf 86' lang='lat' dir='ltr'><strong>Suidaa</strong></span> <span class='ocrx_word' id='word_1_174' title='bbox 427 2276 585 2333; x_wconf 90' lang='lat' dir='ltr'><strong>auctoritati</strong></span> <span class='ocrx_word' id='word_1_175' title='bbox 600 2274 789 2331; x_wconf 79' lang='lat' dir='ltr'><strong>concessisse.</strong></span> 
     </span>
    </p>

    <p class='ocr_par' dir='ltr' id='par_1_3' title="bbox 71 2352 1020 3259">
     <span class='ocr_line' id='line_1_26' title="bbox 71 2352 1020 2430; baseline -0.001 -18"><span class='ocrx_word' id='word_1_176' title='bbox 71 2363 98 2393; x_wconf 73' lang='lat'><strong>²⁸·</strong></span> <span class='ocrx_word' id='word_1_177' title='bbox 171 2352 1020 2430; x_wconf 86' lang='lat' dir='ltr'><strong>Capitumquoquedistinctionemnesiieutiotraus-</strong></span> 
     </span>
     <span class='ocr_line' id='line_1_27' title="bbox 110 2435 1018 2510; baseline -0.012 -14"><span class='ocrx_word' id='word_1_178' title='bbox 110 2458 179 2508; x_wconf 83' lang='lat' dir='ltr'><strong>eam,</strong></span> <span class='ocrx_word' id='word_1_179' title='bbox 194 2442 271 2495; x_wconf 90' lang='lat' dir='ltr'><strong>nolui</strong></span> <span class='ocrx_word' id='word_1_180' title='bbox 284 2458 344 2496; x_wconf 90' lang='lat' dir='ltr'><strong>eum</strong></span> <span class='ocrx_word' id='word_1_181' title='bbox 353 2442 462 2510; x_wconf 89' lang='lat' dir='ltr'><strong>quidem</strong></span> <span class='ocrx_word' id='word_1_182' title='bbox 474 2441 599 2494; x_wconf 92' lang='lat' dir='ltr'><strong>ordinem</strong></span> <span class='ocrx_word' id='word_1_183' title='bbox 611 2435 825 2507; x_wconf 88' lang='lat' dir='ltr'><strong>numerandiqua</strong></span> <span class='ocrx_word' id='word_1_184' title='bbox 834 2452 937 2491; x_wconf 90' lang='lat' dir='ltr'><strong>morem</strong></span> <span class='ocrx_word' id='word_1_185' title='bbox 951 2455 1018 2508; x_wconf 92' lang='lat' dir='ltr'><strong>per.</strong></span> 
     </span>
     <span class='ocr_line' id='line_1_28' title="bbox 109 2519 1018 2591; baseline 0.001 -14"><span class='ocrx_word' id='word_1_186' title='bbox 109 2524 240 2589; x_wconf 87' lang='lat' dir='ltr'><strong>turbare,</strong></span> <span class='ocrx_word' id='word_1_187' title='bbox 263 2539 343 2591; x_wconf 88' lang='lat' dir='ltr'><strong>quem</strong></span> <span class='ocrx_word' id='word_1_188' title='bbox 359 2540 373 2575; x_wconf 90' lang='lat' dir='ltr'><strong>a</strong></span> <span class='ocrx_word' id='word_1_189' title='bbox 389 2523 491 2576; x_wconf 86' lang='lat' dir='ltr'><strong>scribis</strong></span> <span class='ocrx_word' id='word_1_190' title='bbox 507 2520 601 2591; x_wconf 89' lang='lat' dir='ltr'><strong>quinto</strong></span> <span class='ocrx_word' id='word_1_191' title='bbox 618 2519 725 2573; x_wconf 92' lang='lat' dir='ltr'><strong>decimo</strong></span> <span class='ocrx_word' id='word_1_192' title='bbox 746 2521 860 2576; x_wconf 88' lang='lat' dir='ltr'><strong>saeculo</strong></span> <span class='ocrx_word' id='word_1_193' title='bbox 875 2520 1018 2578; x_wconf 89' lang='lat' dir='ltr'><strong>inductum</strong></span> 
     </span>
     <span class='ocr_line' id='line_1_29' title="bbox 108 2602 1018 2675; baseline 0.004 -18"><span class='ocrx_word' id='word_1_194' title='bbox 108 2604 261 2675; x_wconf 91' lang='lat' dir='ltr'><strong>primisque</strong></span> <span class='ocrx_word' id='word_1_195' title='bbox 277 2604 447 2658; x_wconf 90' lang='lat' dir='ltr'><strong>editionibus</strong></span> <span class='ocrx_word' id='word_1_196' title='bbox 464 2608 605 2674; x_wconf 87' lang='lat' dir='ltr'><strong>receptum</strong></span> <span class='ocrx_word' id='word_1_197' title='bbox 617 2602 747 2660; x_wconf 89' lang='lat' dir='ltr'><strong>Erasmus</strong></span> <span class='ocrx_word' id='word_1_198' title='bbox 762 2604 883 2659; x_wconf 89' lang='lat' dir='ltr'><strong>numeris</strong></span> <span class='ocrx_word' id='word_1_199' title='bbox 899 2604 926 2659; x_wconf 93' lang='lat' dir='ltr'><strong>in</strong></span> <span class='ocrx_word' id='word_1_200' title='bbox 943 2621 1018 2661; x_wconf 92' lang='lat' dir='ltr'><strong>mar-</strong></span> 
     </span>
     <span class='ocr_line' id='line_1_30' title="bbox 109 2685 1017 2758; baseline 0.004 -18"><span class='ocrx_word' id='word_1_201' title='bbox 109 2687 175 2756; x_wconf 79' lang='lat' dir='ltr'><strong>gine</strong></span> <span class='ocrx_word' id='word_1_202' title='bbox 193 2685 326 2740; x_wconf 88' lang='lat' dir='ltr'><strong>editionis</strong></span> <span class='ocrx_word' id='word_1_203' title='bbox 338 2685 502 2740; x_wconf 89' lang='lat' dir='ltr'><strong>Basiiiensis</strong></span> <span class='ocrx_word' id='word_1_204' title='bbox 520 2703 544 2741; x_wconf 87' lang='lat' dir='ltr'><strong>a.</strong></span> <span class='ocrx_word' id='word_1_205' title='bbox 556 2692 625 2745; x_wconf 84' lang='lat'>1518</span> <span class='ocrx_word' id='word_1_206' title='bbox 636 2687 773 2758; x_wconf 92' lang='lat' dir='ltr'><strong>appositis</strong></span> <span class='ocrx_word' id='word_1_207' title='bbox 789 2688 918 2744; x_wconf 84' lang='lat' dir='ltr'><strong>sanxisse</strong></span> <span class='ocrx_word' id='word_1_208' title='bbox 935 2689 1017 2744; x_wconf 88' lang='lat' dir='ltr'><strong>vide-</strong></span> 
     </span>
     <span class='ocr_line' id='line_1_31' title="bbox 109 2769 1017 2840; baseline 0.003 -17"><span class='ocrx_word' id='word_1_209' title='bbox 109 2776 153 2823; x_wconf 91' lang='lat' dir='ltr'><strong>tur</strong></span> <span class='ocrx_word' id='word_1_210' title='bbox 169 2769 196 2822; x_wconf 96' lang='lat' dir='ltr'><strong>in</strong></span> <span class='ocrx_word' id='word_1_211' title='bbox 213 2776 390 2840; x_wconf 88' lang='lat' dir='ltr'><strong>perpetuum;</strong></span> <span class='ocrx_word' id='word_1_212' title='bbox 407 2785 497 2839; x_wconf 91' lang='lat' dir='ltr'><strong>neque</strong></span> <span class='ocrx_word' id='word_1_213' title='bbox 512 2770 537 2823; x_wconf 94' lang='lat' dir='ltr'><strong>is</strong></span> <span class='ocrx_word' id='word_1_214' title='bbox 553 2775 607 2825; x_wconf 90' lang='lat' dir='ltr'><strong>tam</strong></span> <span class='ocrx_word' id='word_1_215' title='bbox 623 2770 732 2840; x_wconf 91' lang='lat' dir='ltr'><strong>ineptus</strong></span> <span class='ocrx_word' id='word_1_216' title='bbox 753 2778 796 2826; x_wconf 93' lang='lat' dir='ltr'><strong>est</strong></span> <span class='ocrx_word' id='word_1_217' title='bbox 814 2778 843 2826; x_wconf 89' lang='lat' dir='ltr'><strong>ut</strong></span> <span class='ocrx_word' id='word_1_218' title='bbox 859 2771 943 2826; x_wconf 92' lang='lat' dir='ltr'><strong>abiici</strong></span> <span class='ocrx_word' id='word_1_219' title='bbox 963 2773 1017 2826; x_wconf 92' lang='lat' dir='ltr'><strong>de-</strong></span> 
     </span>
     <span class='ocr_line' id='line_1_32' title="bbox 107 2850 1015 2924; baseline 0 -15"><span class='ocrx_word' id='word_1_220' title='bbox 107 2852 210 2909; x_wconf 84' lang='lat' dir='ltr'><strong>buerit.</strong></span> <span class='ocrx_word' id='word_1_221' title='bbox 243 2850 300 2906; x_wconf 85' lang='lat' dir='ltr'><strong>Sed</strong></span> <span class='ocrx_word' id='word_1_222' title='bbox 314 2852 390 2908; x_wconf 91' lang='lat' dir='ltr'><strong>nolui</strong></span> <span class='ocrx_word' id='word_1_223' title='bbox 408 2858 497 2907; x_wconf 91' lang='lat' dir='ltr'><strong>tamen</strong></span> <span class='ocrx_word' id='word_1_224' title='bbox 516 2853 627 2909; x_wconf 91' lang='lat' dir='ltr'><strong>nescius</strong></span> <span class='ocrx_word' id='word_1_225' title='bbox 646 2871 741 2923; x_wconf 80' lang='lat' dir='ltr'><strong>esses,</strong></span> <span class='ocrx_word' id='word_1_226' title='bbox 759 2856 849 2911; x_wconf 87' lang='lat' dir='ltr'><strong>iactor</strong></span> <span class='ocrx_word' id='word_1_227' title='bbox 864 2855 1015 2924; x_wconf 81' lang='lat' dir='ltr'><strong>benevole,</strong></span> 
     </span>
     <span class='ocr_line' id='line_1_33' title="bbox 108 2935 1016 3009; baseline 0.001 -17"><span class='ocrx_word' id='word_1_228' title='bbox 108 2935 251 3006; x_wconf 90' lang='lat' dir='ltr'><strong>reperisse</strong></span> <span class='ocrx_word' id='word_1_229' title='bbox 267 2952 310 2990; x_wconf 91' lang='lat' dir='ltr'><strong>me</strong></span> <span class='ocrx_word' id='word_1_230' title='bbox 326 2937 354 2991; x_wconf 92' lang='lat' dir='ltr'><strong>in</strong></span> <span class='ocrx_word' id='word_1_231' title='bbox 367 2935 529 2992; x_wconf 82' lang='lat' dir='ltr'><strong>Memmiano</strong></span> <span class='ocrx_word' id='word_1_232' title='bbox 546 2938 644 2992; x_wconf 91' lang='lat' dir='ltr'><strong>codice</strong></span> <span class='ocrx_word' id='word_1_233' title='bbox 660 2937 741 2992; x_wconf 91' lang='lat' dir='ltr'><strong>aliam</strong></span> <span class='ocrx_word' id='word_1_234' title='bbox 762 2940 880 3009; x_wconf 82' lang='lat' dir='ltr'><strong>capitum</strong></span> <span class='ocrx_word' id='word_1_235' title='bbox 896 2937 1016 2993; x_wconf 88' lang='lat' dir='ltr'><strong>divisio-</strong></span> 
     </span>
     <span class='ocr_line' id='line_1_34' title="bbox 109 3021 1016 3092; baseline 0.001 -18"><span class='ocrx_word' id='word_1_236' title='bbox 109 3034 171 3074; x_wconf 91' lang='lat' dir='ltr'><strong>nem</strong></span> <span class='ocrx_word' id='word_1_237' title='bbox 187 3024 240 3073; x_wconf 92' lang='lat' dir='ltr'><strong>tam</strong></span> <span class='ocrx_word' id='word_1_238' title='bbox 256 3021 426 3075; x_wconf 88' lang='lat' dir='ltr'><strong>commodam</strong></span> <span class='ocrx_word' id='word_1_239' title='bbox 447 3025 556 3091; x_wconf 92' lang='lat' dir='ltr'><strong>tamque</strong></span> <span class='ocrx_word' id='word_1_240' title='bbox 572 3021 755 3091; x_wconf 80' lang='lat' dir='ltr'><strong>luculentam,</strong></span> <span class='ocrx_word' id='word_1_241' title='bbox 776 3029 806 3077; x_wconf 93' lang='lat' dir='ltr'><strong>ut</strong></span> <span class='ocrx_word' id='word_1_242' title='bbox 822 3021 911 3092; x_wconf 93' lang='lat' dir='ltr'><strong>ipsius</strong></span> <span class='ocrx_word' id='word_1_243' title='bbox 928 3021 1016 3075; x_wconf 86' lang='lat' dir='ltr'><strong>Tran-</strong></span> 
     </span>
     <span class='ocr_line' id='line_1_35' title="bbox 110 3101 1015 3177; baseline 0.007 -23"><span class='ocrx_word' id='word_1_244' title='bbox 110 3101 189 3173; x_wconf 90' lang='lat' dir='ltr'><strong>quilli</strong></span> <span class='ocrx_word' id='word_1_245' title='bbox 211 3120 290 3157; x_wconf 91' lang='lat' dir='ltr'><strong>manu</strong></span> <span class='ocrx_word' id='word_1_246' title='bbox 307 3104 432 3159; x_wconf 89' lang='lat' dir='ltr'><strong>instituta</strong></span> <span class='ocrx_word' id='word_1_247' title='bbox 447 3120 511 3158; x_wconf 89' lang='lat' dir='ltr'><strong>esse</strong></span> <span class='ocrx_word' id='word_1_248' title='bbox 526 3104 664 3160; x_wconf 83' lang='lat' dir='ltr'><strong>videatur.</strong></span> <span class='ocrx_word' id='word_1_249' title='bbox 709 3106 774 3162; x_wconf 90' lang='lat' dir='ltr'><strong>Eam</strong></span> <span class='ocrx_word' id='word_1_250' title='bbox 794 3107 897 3177; x_wconf 83' lang='lat' dir='ltr'><strong>igitur,</strong></span> <span class='ocrx_word' id='word_1_251' title='bbox 916 3106 1015 3175; x_wconf 89' lang='lat' dir='ltr'><strong>paucis</strong></span> 
     </span>
     <span class='ocr_line' id='line_1_36' title="bbox 109 3185 1015 3259; baseline 0.006 -20"><span class='ocrx_word' id='word_1_252' title='bbox 109 3185 191 3240; x_wconf 93' lang='lat' dir='ltr'><strong>modo</strong></span> <span class='ocrx_word' id='word_1_253' title='bbox 224 3187 306 3242; x_wconf 86' lang='lat' dir='ltr'><strong>aliter</strong></span> <span class='ocrx_word' id='word_1_254' title='bbox 331 3187 529 3243; x_wconf 90' lang='lat' dir='ltr'><strong>administratis</strong></span> <span class='ocrx_word' id='word_1_255' title='bbox 557 3205 627 3259; x_wconf 90' lang='lat' dir='ltr'><strong>quae</strong></span> <span class='ocrx_word' id='word_1_256' title='bbox 656 3191 817 3246; x_wconf 89' lang='lat' dir='ltr'><strong>necessario</strong></span> <span class='ocrx_word' id='word_1_257' title='bbox 851 3188 1015 3254; x_wconf 77' lang='lat' dir='ltr'><strong>refingcnda</strong></span> 
     </span>
    </p>
   </div>
   <div class='ocr_carea' id='block_1_3' title="bbox 108 3315 307 3328">
    <p class='ocr_par' dir='ltr' id='par_1_4' title="bbox 108 3315 307 3328">
     <span class='ocr_line' id='line_1_37' title="bbox 108 3315 307 3328; baseline 0.01 -2"><span class='ocrx_word' id='word_1_258' title='bbox 108 3315 307 3328; x_wconf 61' lang='lat' dir='ltr'>——ntvn-—w</span> 
     </span>
    </p>
   </div>
   <div class='ocr_carea' id='block_1_4' title="bbox 106 3383 1015 3520">
    <p class='ocr_par' dir='ltr' id='par_1_5' title="bbox 106 3383 1015 3520">
     <span class='ocr_line' id='line_1_38' title="bbox 177 3383 1015 3451; baseline -0.002 -18"><span class='ocrx_word' id='word_1_259' title='bbox 177 3383 206 3448; x_wconf 77' lang='lat'><strong>2)</strong></span> <span class='ocrx_word' id='word_1_260' title='bbox 225 3385 365 3450; x_wconf 69' lang='lat' dir='ltr'><strong>dicoquitti</strong></span> <span class='ocrx_word' id='word_1_261' title='bbox 384 3385 470 3435; x_wconf 84' lang='lat' dir='ltr'><strong>librum</strong></span> <span class='ocrx_word' id='word_1_262' title='bbox 487 3387 561 3435; x_wconf 81' lang='lat' dir='ltr'><strong>citam</strong></span> <span class='ocrx_word' id='word_1_263' title='bbox 579 3386 707 3451; x_wconf 79' lang='lat' dir='ltr'><strong>Colipatac</strong></span> <span class='ocrx_word' id='word_1_264' title='bbox 721 3389 882 3437; x_wconf 81' lang='lat' dir='ltr'><strong>continentem</strong></span> <span class='ocrx_word' id='word_1_265' title='bbox 897 3383 1015 3448; x_wconf 85' lang='lat' dir='ltr'><strong>Lampri-</strong></span> 
     </span>
     <span class='ocr_line' id='line_1_39' title="bbox 106 3450 809 3520; baseline 0.009 -22"><span class='ocrx_word' id='word_1_266' title='bbox 106 3450 165 3503; x_wconf 85' lang='lat' dir='ltr'><strong>dius</strong></span> <span class='ocrx_word' id='word_1_267' title='bbox 184 3468 284 3519; x_wconf 91' lang='lat' dir='ltr'><strong>quoque</strong></span> <span class='ocrx_word' id='word_1_268' title='bbox 302 3462 479 3504; x_wconf 85' lang='lat' dir='ltr'><strong>commemorat</strong></span> <span class='ocrx_word' id='word_1_269' title='bbox 492 3453 519 3502; x_wconf 91' lang='lat' dir='ltr'><strong>in</strong></span> <span class='ocrx_word' id='word_1_270' title='bbox 538 3454 674 3505; x_wconf 80' lang='lat' dir='ltr'><strong>Commodo</strong></span> <span class='ocrx_word' id='word_1_271' title='bbox 694 3470 749 3520; x_wconf 89' lang='lat' dir='ltr'><strong>cap.</strong></span> <span class='ocrx_word' id='word_1_272' title='bbox 769 3454 809 3504; x_wconf 88' lang='lat'><strong>10.</strong></span> 
     </span>
    </p>
   </div>
   <div class='ocr_carea' id='block_1_5' title="bbox 0 0 1148 3862">
    <p class='ocr_par' dir='ltr' id='par_1_6' title="bbox 0 0 1148 3862">
     <span class='ocr_line' id='line_1_40' title="bbox 0 0 1148 3862; baseline 0 1"><span class='ocrx_word' id='word_1_273' title='bbox 0 0 1148 3862; x_wconf 95' lang='lat' dir='ltr'><strong> </strong></span> 
     </span>
    </p>
   </div>
  </div>
 </body>
</html>
