2334 3870
432 197 536 246 mvos
553 199 679 248 numus.
1019 190 1057 248 15

121 354 190 415 Cum
213 370 285 431 ergo
308 353 451 414 sublatam
467 354 644 416 tribunorum
661 353 901 414 intercessionem
920 355 1059 434 ipsosque
1068 365 1098 418 31

56 439 129 500 urbe
142 439 267 499 cessisse
280 437 437 496 nuntiatum
451 447 505 514 est,
522 439 688 516 praemissis
703 437 855 496 confestim
869 438 942 497 clam
955 437 1057 498 cobor-

57 523 146 600 tibus,
167 540 203 581 ne
222 538 278 600 qua
294 521 422 596 suspicio
439 530 617 599 moveretur,
635 531 664 581 et
680 521 851 600 spectaculo
869 520 986 599 publico
1004 540 1059 600 per

57 604 312 668 dissimulationem
329 602 456 661 interfuit
470 612 499 662 et
514 604 648 681 formam,
669 622 724 684 qua
745 603 841 664 ludum
857 604 1058 682 gladiatorium

34 699 119 754 serat
131 689 345 762 aedificaturus,
362 685 555 746 consideravit
567 695 595 747 et
609 705 647 746 ex
659 688 865 748 consuetudine
878 689 1013 749 convivio
1026 707 1058 748 se

55 773 202 851 frequenti
223 769 309 829 dedit.
352 768 426 829 Dein
445 777 512 849 post
530 770 603 829 solis
618 786 770 848 occasum,
791 772 874 832 mulis
891 791 908 832 e
925 773 1057 851 proximo

57 856 179 936 pistrino
198 853 234 913 ad
249 852 410 913 vehiculum
426 854 545 931 iunctis,
568 853 791 913 occultissimum
806 857 860 915 iter
877 856 992 917 modico
1010 875 1056 917 co·

57 942 155 1001 mitatu
176 940 325 1016 ingressus
343 946 400 1007 est;
427 948 456 998 et
478 956 541 998 cum
559 935 718 997 inminibus
734 937 866 998 extinctis
881 939 1059 1001 decessisset

56 1027 119 1100 via,
144 1022 189 1081 dio
213 1021 406 1100 errabundus,
431 1022 544 1083 tandem
570 1022 605 1084 ad
632 1020 726 1081 lucem
750 1020 823 1080 duce
848 1033 982 1100 reperto,
1005 1043 1059 1102 per

21 1130 46 1170 ro
57 1107 278 1184 angustissimos
294 1107 421 1167 tramites
438 1106 561 1186 pedibus
577 1107 686 1175 evasit;
706 1114 939 1184 consecutusque
955 1106 1058 1166 cobor-

56 1196 93 1252 tis
107 1191 142 1251 cd
156 1190 335 1251 Rubiconem
350 1191 469 1268 lumen,
487 1192 534 1270 qui
550 1190 719 1270 provinciae
735 1191 797 1250 eius
814 1190 878 1250 linis
895 1198 974 1268 erat,
991 1208 1058 1269 pao·

56 1278 113 1337 lum
133 1277 275 1350 constitit,
297 1293 332 1334 ac
352 1284 490 1354 reputans
508 1284 642 1353 quantum
657 1274 822 1352 moliretur,
847 1292 1007 1336 conversus
1023 1273 1059 1336 ad

56 1361 207 1438 proximos
230 1357 334 1417 Etiam
355 1377 435 1418 nunc
460 1360 551 1435 inquit
576 1358 701 1437 recredi
717 1375 903 1436 poccomos;
926 1359 1010 1439 quod
1031 1359 1061 1419 εἰ

55 1442 245 1521 ponticulum
276 1441 510 1515 transierimus,
544 1442 647 1499 omnia
678 1443 774 1500 armis
806 1442 928 1519 aqeodu
959 1450 1056 1503 erunt.

22 1525 211 1589 incunctanti
229 1531 370 1583 ostentum
392 1524 449 1582 tale
465 1523 570 1582 iactum
589 1530 642 1582 est.
687 1524 807 1597 Quidam
829 1525 931 1581 eximia
952 1525 1101 1600 magni-32

58 1610 156 1671 tudine
172 1616 201 1668 et
221 1608 315 1668 forma
332 1608 359 1667 in
379 1609 513 1687 proximo
529 1604 635 1666 sedens
650 1615 771 1686 repente
788 1607 935 1684 apparuit,
957 1606 1058 1667 harun-

57 1696 124 1756 dine
140 1711 262 1762 canens;
286 1692 321 1752 ad
343 1711 428 1771 quem
443 1691 612 1752 audiendum
628 1709 691 1751 cum
708 1699 826 1771 praeter
842 1697 976 1768 pastores
997 1691 1058 1770 plu-

56 1779 119 1839 rimi
141 1778 225 1838 etiam
246 1795 283 1837 ex
304 1777 475 1837 stationibus
496 1776 601 1836 milites
618 1776 832 1835 concurrissent
851 1775 983 1853 interque
1006 1791 1058 1835 eos

57 1872 87 1925 et
103 1870 292 1937 aeneatores,
313 1871 396 1940 rapta
418 1860 453 1922 ab
470 1877 526 1920 uno
549 1859 617 1920 tuba
635 1860 778 1939 prosilivit
798 1860 834 1920 ad
854 1859 958 1918 flumen
974 1868 1002 1919 et
1017 1860 1057 1918 in·

20 1969 46 2008 20
57 1947 138 2025 genti
160 1946 261 2023 spiritu
285 1944 438 2005 classicum
459 1961 583 2005 exorsus
601 1943 745 2023 pertendit
762 1943 797 2004 ad
818 1943 937 2004 alteram
952 1944 1056 2021 ripam.

57 2031 138 2090 Tunc
161 2027 270 2089 Caesar
291 2026 394 2088 Eutrtr
414 2029 518 2107 inquit,
540 2046 599 2108 quo
623 2027 750 2088 deorum
771 2035 891 2089 ostento
913 2034 941 2089 et
956 2028 1055 2089 inimi·

58 2129 164 2174 corum
185 2111 333 2190 iniqnitas
347 2119 448 2173 cocat.
485 2110 746 2187 declamarent,
771 2113 869 2190 inquit.
905 2112 1001 2193 Atque
1019 2113 1101 2173 ita33

56 2196 181 2255 traiecto
203 2196 348 2272 exercitu,
371 2194 503 2256 adhibitis
519 2196 639 2256 tribunis
657 2196 768 2274 plebis,
794 2197 842 2274 qui
864 2195 939 2274 pulsi
957 2214 1055 2276 snper·

57 2288 213 2356 venerant,
230 2296 284 2358 pro
302 2280 437 2340 contione
449 2279 534 2339 iidem
545 2280 662 2340 militnm
675 2281 747 2340 ilcns
763 2298 798 2339 ac
812 2288 895 2340 veste
907 2298 923 2339 a
936 2288 1057 2356 pectore

18 2387 46 2426 25
58 2364 180 2425 discissa
197 2364 352 2425 invocavit.
397 2362 584 2424 Existimetur
598 2366 682 2425 ctiam
703 2371 856 2444 equestres
873 2381 978 2423 census
995 2362 1057 2440 pol·

56 2450 153 2510 licitus
175 2448 310 2524 singulis3
334 2447 411 2528 quod
435 2447 538 2508 accidit
559 2449 695 2529 opinione
721 2449 803 2510 falsa.
847 2447 919 2508 Nam
946 2465 1008 2506 cum
1030 2448 1058 2507 in

58 2531 241 2611 adloquendo
271 2532 509 2612 exhortandoque
538 2533 655 2612 saepius
681 2533 799 2612 digitum
826 2532 928 2593 laevae
958 2549 1057 2593 manus

57 2625 206 2678 ostentans
227 2616 406 2694 adfirmaret,
434 2636 466 2677 se
495 2616 531 2679 ad
552 2619 622 2678 satis
645 2617 808 2678 faciendum
829 2616 975 2693 omnibus,
1003 2633 1057 2694 per

59 2718 133 2781 quos
145 2701 310 2779 dignitatem
322 2720 402 2763 suam
415 2700 587 2763 defensurus
599 2711 694 2779 esset,
709 2702 821 2762 anulum
834 2718 950 2781 qnoque
961 2718 1055 2778 aequo
1094 2738 1107 2769 -.

21 2786 152 2848 anonimo
168 2786 359 2847 detracturum
376 2785 444 2864 sibi,
467 2794 595 2846 extrema
612 2788 723 2863 contio,
745 2788 789 2846 cui
808 2786 921 2846 facilius
938 2793 1000 2845 erat
1015 2786 1056 2844 vi-

58 2869 128 2928 dere
144 2871 354 2931 contionantem
366 2888 449 2950 quam
461 2870 577 2949 audire,
593 2889 647 2950 pro
663 2871 739 2931 dicto
752 2871 881 2949 accepit,
901 2868 978 2948 quod
994 2870 1056 2928 visu

33 2954 37 2965 ‘
59 2952 273 3031 suspicabatur;
297 2957 526 3034 promissumque
548 2957 592 3015 ius
613 2955 762 3015 anulorum
779 2973 842 3014 cum
859 2953 974 3014 milibus
989 2970 1056 3031 qua·
1121 3002 1124 3006 Α

58 3037 220 3115 miogenis,
235 3038 310 3098 fama
324 3037 440 3099 distulit.

124 3120 203 3182 Ordo
220 3130 250 3182 et
265 3140 373 3183 summa
389 3141 502 3199 rerum,
525 3141 597 3202 quas
613 3122 752 3202 deinceps
767 3125 879 3201 gessit,
903 3123 946 3182 sic
961 3139 994 3180 se
1008 3119 1055 3180 ha·
1066 3134 1099 3188 34

21 3207 134 3269 asbent.
179 3206 315 3267 Picenum
330 3206 476 3269 Umbriam
493 3206 635 3268 Etruriam
657 3208 826 3287 occupavit,
851 3215 880 3267 et
896 3206 985 3266 Lucio
999 3202 1056 3264 Do·

56 3291 152 3368 mitio,
180 3292 228 3371 qui
248 3309 301 3372 per
322 3291 468 3352 tumultum
489 3309 644 3353 successor
668 3292 695 3351 ei
719 3294 880 3352 nominatus
902 3288 1056 3351 Corfinium

57 3375 205 3454 praesidio
220 3375 353 3456 tenebat,
372 3377 400 3436 in
416 3375 557 3438 dicionem
573 3377 693 3439 redacto
709 3385 795 3457 atque
811 3375 938 3453 dimisso,
955 3392 1055 3434 secun·
1160 3434 1164 3438 .

46 3460 123 3543 „dum
140 3461 282 3542 Superum
299 3479 378 3522 mare
396 3459 575 3523 Brundisium
591 3461 729 3540 tetendit,
752 3479 810 3541 qno
824 3460 959 3522 consules
973 3458 1054 3519 Pom-
