2334 3870
50 166 112 228 204
138 176 167 223 c.
186 173 336 223 snsuom
354 170 483 230 unaue.
496 171 543 217 cu
561 170 644 217 vrrs
662 169 849 219 csussnmr
866 172 938 221 uns.
951 175 1016 224 vn.

52 330 170 411 eplsbe
183 329 298 407 quidem
310 327 479 407 provinciae
496 325 631 402 legiones
644 332 673 384 et
689 325 795 386 auxilia
811 331 995 407 conscripsit
1012 348 1058 392 cu·

51 434 105 498 per
127 415 287 474 exercitum
309 420 438 472 veterem
455 410 579 486 legionis
603 409 686 468 unius
704 409 875 491 duarumque
893 413 1010 474 alarum
1028 424 1059 476 ct

53 498 215 560 cohortium
229 499 328 567 trinm;
342 504 399 556 ate
411 493 584 574 primoribus
599 492 751 572 prudentia
767 502 850 574 atque
859 504 957 556 aetate
962 516 1055 576 prae·

53 583 194 645 stantibus
207 582 287 642 velut
298 581 388 640 instar
400 586 532 655 senatus,
550 576 586 638 ad
604 595 679 656 quos
696 576 733 637 de
748 578 855 639 maiore
868 597 901 639 re
911 583 1053 659 quotiens

54 685 130 747 opus
143 676 222 729 esset
232 666 408 741 referretur,
428 663 557 723 instituit.
594 661 714 740 Delegit
731 670 762 722 et
779 664 922 743 equestris
937 665 1072 727 ordiniss

53 753 184 828 iuuenes,
199 753 246 829 qui
259 757 391 809 manente
405 747 555 808 anulorum
565 764 718 808 aureorum
729 765 784 807 usu
795 749 911 809 evocatl
921 749 1047 829 appella·

52 845 152 898 rentur
164 834 361 912 excubiasque
370 833 449 894 circa
459 831 710 892 cubiculumsuum
718 832 1053 911 ricemilitrmagerent.

52 919 146 981 Etiam
158 936 213 997 per
225 919 393 998 provincias
405 917 501 977 edicta
513 916 628 994 dimisit,
645 925 747 976 auctor
762 917 887 995 siugulis
898 917 1056 978 universis·

53 1020 110 1082 que
124 1001 309 1082 conspirandi
320 1001 413 1079 simul,
424 1010 453 1062 et
465 1010 495 1060 ut
507 1018 564 1079 qua
575 1009 678 1079 posset
690 1002 815 1080 quisque
827 1019 1057 1081 operacommu·

54 1105 121 1149 uem
136 1105 252 1149 causam
265 1088 404 1146 iuvarent.
1067 1091 1092 1132 ¹⁰

113 1171 170 1232 Per
188 1171 264 1230 idem
281 1170 346 1228 fere
363 1178 475 1247 tempus
493 1169 522 1227 iu
540 1168 697 1229 munitione
717 1168 837 1247 oppidi,
856 1167 938 1248 quod
956 1167 1060 1230 sedem

52 1254 134 1316 hello
149 1253 311 1330 delegerat,
324 1261 460 1331 repertus
473 1261 518 1312 est
531 1253 632 1313 anulus
645 1270 737 1332 opere
749 1253 886 1332 antiquo,
906 1253 1060 1332 scalptura

53 1355 185 1417 gemmae
204 1338 365 1398 Victoriam
390 1355 454 1397 cum
482 1346 605 1417 tropaeo
635 1339 834 1416 exprimente;
864 1356 901 1399 ao
934 1336 1060 1398 subinde

54 1421 252 1484 Alexandrina
264 1423 347 1483 naus
356 1421 512 1483 Dertosam
523 1422 634 1502 appulit
646 1422 731 1483 armis
744 1430 857 1499 onusta,
870 1422 933 1483 sine
947 1421 1058 1501 guber-

54 1517 175 1585 uatore,
192 1506 254 1567 sine
266 1516 352 1568 nauta
364 1524 401 1569 ac
412 1516 534 1569 vectore
544 1508 614 1584 ullo,
624 1516 655 1566 ut
665 1507 772 1567 nemini
783 1504 898 1567 dubium
909 1515 1003 1584 esset,
1016 1507 1088 1567 iuro

55 1600 129 1653 stum
142 1593 277 1670 piumque
293 1600 321 1652 et
333 1591 497 1653 laventibus
505 1590 802 1670 diiehellumsuscipi;
812 1609 876 1651 curn
887 1600 1059 1671 repenteex

55 1676 206 1755 inopinato
216 1693 310 1756 prope
318 1684 420 1737 cuncta
427 1676 540 1737 turbata
554 1685 628 1736 sunt.
649 1675 769 1736 Alarum
782 1676 872 1736 altera
889 1677 994 1736 castris
1006 1693 1057 1754 ap

57 1762 300 1841 propinquantem
313 1761 487 1839 paenitentia
500 1761 599 1820 mutati
611 1762 784 1820 sacramenti
795 1760 954 1821 destituere
968 1777 1057 1821 cona·

56 1854 85 1905 ta
94 1853 409 1924 estaegrcquereteuta
417 1844 561 1923 iuoihcin,
569 1845 693 1921 etserri,
701 1860 775 1923 quos
786 1861 802 1904 a
814 1844 920 1905 liherto
926 1843 1058 1904 Neronis

57 1929 93 1990 ad
107 1929 236 1989 fraudem
253 1936 444 2009 praeparatos
454 1929 566 1987 muneri
578 1937 746 2006 acceperat,
759 1946 813 2007 per
826 1929 1014 2007 angiportum
1029 1928 1090 1986 inat

55 2011 176 2071 balneas
193 2019 387 2073 transeuntem
405 2027 499 2090 paene
515 2012 735 2082 iuteremeruut;
760 2013 815 2072 nisi
837 2011 1059 2075 cohortantibus

54 2096 84 2154 in
104 2094 198 2153 vicem
216 2113 253 2155 nc
272 2097 458 2157 occasionem
481 2097 661 2175 omitterent,
680 2096 928 2175 interrogatisque
945 2097 982 2157 de
999 2112 1059 2175 qua

56 2178 216 2239 occasione
236 2179 440 2259 loquerentur,
469 2199 610 2261 expressa
642 2180 771 2241 cruciatu
797 2180 945 2241 conlessio
964 2187 1058 2240 esset.

13 2268 45 2322 11
56 2262 193 2323 Accessit
205 2262 243 2323 ad
254 2272 331 2325 tauta
344 2264 507 2326 discrimina
521 2283 600 2326 mors
614 2264 762 2343 Vindicis,
778 2283 834 2344 qua
849 2266 974 2326 maxime
985 2281 1057 2326 con·

56 2354 200 2406 sternatus
212 2347 408 2428 destitutoque
425 2350 525 2411 similis
542 2367 600 2410 non
615 2348 732 2410 multum
745 2349 815 2410 afuit
830 2352 896 2428 quin
914 2351 992 2410 uitae
1007 2367 1092 2414 reae

54 2431 207 2491 nuntiaret.
238 2433 298 2493 Sed
311 2433 584 2514 supervenientibus
603 2433 639 2493 ah
658 2433 731 2493 urhe
747 2435 853 2494 nuntiis
870 2443 902 2494 ut
925 2433 1059 2494 occisum

53 2512 201 2575 Neronem
214 2526 394 2597 cunctosque
406 2518 435 2578 in
446 2519 536 2579 verha
548 2537 598 2578 sua
616 2519 728 2578 iurasse
746 2521 901 2596 cognorit,
920 2517 1060 2598 deposita

54 2599 145 2676 legati
160 2603 291 2680 suscepit
306 2601 441 2662 Caesaris
461 2602 703 2682 appellationem,
716 2604 829 2681 iterque
846 2604 998 2681 ingressus
1010 2609 1060 2662 est

56 2680 208 2764 paludatus
227 2703 261 2743 ac
279 2684 462 2765 dependente
480 2705 497 2746 a
515 2685 679 2746 cervicibus
703 2688 832 2766 pugione
849 2695 916 2748 ante
933 2694 1057 2766 pectus;

56 2784 111 2827 nec
123 2766 204 2845 prius
216 2786 297 2829 usum
308 2778 397 2846 togae
405 2770 581 2848 reciperavit
592 2787 677 2849 quam
685 2771 839 2850 oppressis
846 2773 894 2850 qui
901 2789 994 2832 novas
1004 2788 1058 2831 res
1067 2785 1094 2827 ro

57 2849 258 2928 moliebantur,
270 2853 422 2932 praelecto
436 2856 565 2931 praetori
576 2853 752 2935 Nymphidio
766 2855 875 2916 Sabino
887 2856 1018 2933 Romae,
1027 2856 1058 2914 in

59 2934 210 2999 Germania
221 2935 345 2997 Fonteio
361 2937 514 3016 Capitone,
528 2939 557 2997 in
567 2938 668 3000 Africa
680 2938 785 3001 Clodio
796 2940 897 3002 hlacro
909 2940 1028 3017 legatis.

21 3040 55 3094 η
125 3021 328 3082 Praecesserat
340 3021 376 3081 de
395 3039 431 3082 eo
451 3023 526 3082 lama
543 3025 682 3084 saevitiae
700 3025 784 3085 simul
802 3034 888 3104 atque
905 3022 1058 3101 avaritiae,

67 3106 144 3186 quod
156 3106 286 3166 civitates
305 3105 508 3184 Hispaniarum
526 3106 755 3188 Galliarumque,
782 3127 856 3190 quae
875 3107 1058 3170 cunctantius

61 3192 117 3252 sihi
129 3197 325 3267 accesserant,
336 3191 521 3267 gravioribus
532 3192 655 3272 tributis,
668 3194 804 3273 quasdam
816 3195 901 3255 etiam
909 3210 1056 3253 mnromm
1066 3218 1093 3261 es

59 3275 256 3337 destructione
264 3276 898 3358 punissetetpraepositosprocuratoresque
906 3276 1053 3356 supplicio

59 3362 161 3440 capitis
174 3361 331 3423 adfecisset
345 3378 408 3421 cum
421 3360 594 3438 coniugibus
606 3380 640 3423 ac
653 3362 767 3423 liherise
783 3360 1056 3442 quodqueohlatem

59 3444 354 3507 a'l'arrrronanrthar
384 3465 392 3476 ι
420 3454 518 3492 aaran
550 3446 653 3500 ‘omnin
675 3446 746 3492 ient.
788 3464 917 3492 aaronem
938 3462 1053 3504 nnrcprr
