2334 3870
477 194 507 242 c.
531 193 718 243 cunrounn.
1037 183 1097 248 139

99 350 175 410 niam
191 349 402 428 processisset,
432 346 592 410 admonitus
619 349 655 409 de
681 348 844 428 supplendo
868 369 988 412 numero
1013 351 1096 414 Bata-

100 450 216 510 rorum,
238 451 314 512 quos
346 433 424 492 circa
455 449 487 491 se
519 432 659 511 babebat,
692 433 885 512 expeditionis
909 436 1096 498 Germanicae

98 519 233 596 impetum
248 519 340 596 cepit;
363 533 457 594 neque
473 515 595 595 distulit,
617 517 670 578 sed
684 518 849 595 legionibus
872 527 901 578 et
915 519 1028 581 auxiliis
1046 539 1095 580 un·

98 601 184 679 dique
201 602 322 677 excitis,
349 599 501 660 dilectibus
515 601 619 680 nbiqne
634 602 823 663 acerbissime
837 603 925 680 actis,
946 612 1095 664 contracto

74 694 127 746 set
144 687 236 744 omnis
253 685 371 761 generis
393 692 552 745 commeatu
569 695 673 764 quanto
688 705 838 766 numquam
856 695 958 764 antea,
987 687 1043 747 iter
1055 689 1096 747 in·

96 786 219 844 gressus
234 777 281 826 est
296 767 481 846 confecitque
501 769 587 829 modo
609 778 666 828 tam
685 771 853 832 festinanter
874 780 903 831 et
925 770 1044 849 rapide,
1067 779 1098 829 ut

97 851 300 929 praetorianae
328 851 463 912 cobortes
491 861 592 913 contra
618 870 727 914 morem
750 857 832 932 signa
850 857 984 916 iumentis
1006 856 1097 933 impo-

96 952 169 994 nere
183 943 213 993 et
233 937 272 995 ita
293 935 431 1014 subsequi
449 945 641 1015 cogerentur,
667 937 807 996 interdum
829 938 901 998 adeo
919 941 1051 1016 segniter
1068 945 1098 998 et

96 1016 237 1095 delicate,
274 1027 304 1078 ut
334 1019 496 1099 octaphoro
524 1020 697 1098 ueheretur,
719 1031 805 1100 atque
831 1039 848 1081 a
873 1023 1098 1100 propinquarum

61 1121 85 1162 rc
95 1101 205 1160 urbium
221 1101 308 1181 plebe
321 1105 400 1163 verri
416 1104 470 1163 sibi
489 1105 552 1165 vias
573 1113 602 1164 et
624 1108 784 1185 conspergi
806 1114 930 1184 propter
947 1105 1098 1183 pulverem

95 1187 237 1263 exigeret.
534 1227 537 1233 -

157 1265 312 1347 Postquam
331 1279 425 1330 eastra
447 1273 555 1349 attigit,
578 1282 608 1332 ut
623 1293 656 1333 se
672 1293 769 1334 acrem
789 1292 824 1334 ac
838 1292 973 1335 severum
994 1273 1139 1338 ducemll

96 1351 281 1429 ostenderet,
302 1352 436 1427 legatos,
454 1357 502 1429 qni
520 1356 624 1415 auxilia
645 1359 737 1415 serius
752 1376 790 1416 ex
810 1357 933 1417 diversis
954 1359 1029 1418 locis
1047 1357 1095 1418 ad·

97 1435 256 1510 duxerant,
279 1452 343 1493 cum
357 1435 513 1510 ignominia
529 1436 646 1504 dimisit;
670 1448 698 1496 at
713 1440 742 1495 in
757 1443 887 1499 exercitu
900 1439 1096 1518 recensendo,

62 1543 88 1583 15
98 1517 247 1596 plerisque
267 1517 464 1577 centurionum
476 1518 591 1576 maturis
604 1518 669 1594 iam,
688 1527 717 1576 et
737 1520 882 1579 nonnullis
897 1531 962 1581 ante
984 1521 1096 1597 paucis·

98 1603 188 1660 simos
207 1619 290 1680 quam
308 1602 527 1660 consummaturi
549 1609 648 1660 essent
665 1592 738 1676 dies,
760 1601 867 1678 primos
884 1602 961 1681 pilos
983 1601 1096 1681 ademit,

98 1693 230 1745 causatus
252 1686 362 1745 senium
387 1686 524 1763 cuiusque
550 1694 578 1744 et
604 1684 842 1754 imbecillitatem
868 1695 1031 1745 ceterorum
1056 1689 1096 1748 in·.

97 1769 207 1847 crepita
231 1768 400 1847 cupiditate,
425 1769 573 1830 commoda
596 1771 733 1829 emeritae
754 1769 870 1830 militiae
886 1768 922 1830 ad
948 1778 1096 1829 sescento·

94 1853 185 1912 rum*
205 1854 311 1913 milium
334 1871 470 1913 summam
490 1853 603 1914 recidit.
647 1853 724 1914 Nihil
750 1863 843 1915 autem
870 1852 992 1932 amplius
1014 1871 1097 1932 quam

58 1956 85 2001 ao
95 1935 228 1996 Adminio
254 1935 436 2012 Cynobellini
459 1937 657 1999 Britannomm
682 1940 763 2015 regis
787 1938 862 2014 filio,
888 1938 935 2016 qui
953 1936 1053 2016 pulsus
1080 1956 1098 1999 a

94 2029 177 2100 patre
195 2039 257 2080 cum
275 2022 382 2098 exigua
395 2038 479 2081 manu
493 2022 703 2100 transfugerat,
726 2023 755 2080 in
771 2020 945 2082 deditionem
959 2029 1094 2101 recepto,

94 2105 176 2182 quasi
201 2105 335 2164 universa
364 2103 467 2164 tradita
493 2106 602 2182 insula,
637 2106 805 2182 magnificas
834 2107 954 2167 Romam
983 2105 1095 2167 litteras

93 2189 186 2264 misit,
215 2188 330 2248 monitis
354 2188 600 2266 speculatoribus,
621 2199 652 2249 ut
671 2189 806 2250 vehiculo
831 2189 867 2250 ad
888 2190 981 2250 forum
1003 2208 1096 2267 usque

94 2281 124 2331 et
139 2273 245 2333 curiam
261 2271 482 2352 pertenderent,
505 2290 561 2333 nec
575 2273 630 2332 nisi
645 2276 674 2332 in
690 2272 762 2333 aede
777 2273 877 2335 Martis
893 2291 928 2334 ac
942 2273 1096 2351 frequente

57 2377 84 2419 25
95 2365 195 2416 senatu
213 2355 380 2416 consulibus
394 2353 550 2416 traderent.

155 2440 240 2517 Mox,
263 2440 415 2500 deficiente
439 2439 509 2500 belli
530 2442 663 2517 materia,
687 2458 798 2520 paucos
818 2440 853 2501 de
875 2438 1005 2500 custodia
1026 2436 1137 2502 Ger-45

93 2542 194 2584 manos
223 2525 305 2585 traici
328 2524 481 2603 occulique
510 2533 587 2585 trans
608 2524 739 2586 Rhenum
764 2525 860 2602 iussit,
882 2543 916 2585 ac
947 2522 1003 2583 sibi
1028 2531 1097 2602 post

93 2607 242 2688 prandium
259 2626 343 2687 quarn
357 2609 611 2669 tumultuosissime
628 2608 734 2670 adesse
753 2608 866 2669 hostem
878 2609 1010 2668 nuntiari.
1031 2607 1095 2683 Quo

93 2693 187 2769 facto,
216 2693 358 2771 proripuit
381 2711 413 2752 se
437 2712 500 2753 cum
523 2694 622 2754 amicis
639 2702 667 2753 et
689 2702 771 2771 parte
790 2695 916 2772 equitum
938 2694 1095 2770 praetoria·

57 2793 194 2839 tonorum
220 2778 248 2836 in
272 2777 431 2855 proximam
459 2777 577 2855 silvam,
610 2779 807 2857 truncatisque
832 2776 983 2837 arboribus
1013 2785 1043 2835 et
1067 2776 1096 2834 in

92 2860 207 2921 modum
228 2868 415 2939 tropaeorum
433 2861 595 2940 adornatis,
620 2861 655 2922 ad
678 2863 782 2922 lumina
806 2878 960 2937 reversus,
996 2876 1095 2920 eornm

93 2944 208 3023 quidem
225 2945 272 3022 qui
289 2946 381 3005 secuti
398 2961 455 3005 non
477 2955 575 3006 essent
595 2946 773 3006 timiditatem
794 2955 823 3005 et
844 2945 987 3022 ignaviam
1006 2943 1095 3003 corri-

92 3029 169 3108 puit,
190 3030 310 3088 comites
332 3037 425 3089 autem
447 3037 476 3089 et
492 3031 652 3110 participes
672 3030 813 3089 victoriae
835 3046 912 3090 novo
933 3044 1046 3106 genero
1060 3043 1096 3087 ac

92 3113 206 3172 nomine
234 3129 404 3174 coronarum
422 3112 554 3190 donavit,
583 3132 654 3193 quas
680 3113 829 3174 distinctas
852 3113 922 3174 solis
952 3130 987 3174 ac
1010 3110 1090 3171 lunae

55 3217 83 3259 su
93 3196 276 3276 siderumque
290 3197 392 3274 specie
408 3196 621 3275 exploratorias
635 3197 804 3276 appellavit.
848 3199 958 3259 Rursus
978 3194 1095 3257 obsides

93 3280 233 3359 quosdam
249 3279 391 3342 abductos
406 3299 422 3340 e
438 3280 578 3343 litterario
593 3281 661 3343 ludo
678 3282 810 3361 clamque
829 3282 1024 3362 praemissos,
1047 3278 1094 3339 de·

93 3373 171 3426 serto
192 3373 314 3444 repente
336 3365 489 3444 convivio,
513 3385 576 3426 cum
597 3369 724 3445 equitatu
745 3369 892 3427 insecutus
914 3363 1004 3425 veluti
1027 3381 1094 3444 pro·

92 3449 180 3528 fugos
201 3467 236 3510 ac
254 3450 444 3530 reprehensr<
480 3451 507 3510 in
543 3453 650 3513 eatenis
677 3450 807 3511 reduxit:
835 3451 863 3508 ir
896 3449 952 3506 boc
978 3464 1088 3527 ‘tueque
