2334 3870
434 185 482 232 Dm
501 183 751 234 GRAMMATICIS.

239 343 357 402 Racemi
368 342 423 400 duo
442 343 531 416 tepula
544 343 594 401 sab
608 360 667 401 uua

238 427 284 486 Aa
295 444 430 486 summam
439 442 532 501 propa
547 431 672 485 nutriant
683 433 830 487 senectam.

88 507 126 571 Et
138 525 252 572 rursus:

240 597 348 656 Catonis
361 595 456 667 modo,
471 597 563 667 Galle,
580 596 763 654 Ταεοιιὶαηιιηι

62 695 74 733 u
243 681 311 737 Tota
324 681 444 736 creditor
458 681 526 737 urbe
542 681 704 737 venditabat.

241 763 339 819 Mirati
350 779 459 834 sumus,
476 766 586 821 unicum
595 767 763 836 mapistrum,

242 847 382 903 Summum
396 851 623 921 prammoticum,
639 850 767 919 optimum
782 852 891 919 poetam

243 931 342 988 Omnes
355 934 460 991 sotaore
470 948 556 1007 possa
568 934 750 1005 quaestiones,

246 1015 334 1073 Unum
350 1016 462 1090 difficile
476 1018 611 1090 expedire
624 1032 734 1073 nomen.

52 1111 79 1152 so
240 1101 287 1156 En
299 1116 348 1157 cor
358 1101 504 1173 Zenodoti,
520 1117 554 1158 en
566 1104 645 1159 iecur
660 1102 790 1158 Cratetis!

150 1178 304 1241 Cornelius
318 1180 483 1260 Epicadus,
499 1180 530 1242 11·
543 1179 671 1242 Cornelii
685 1181 785 1257 Syllae
802 1178 952 1242 dictatoris
970 1177 1133 1259 libertuslt

90 1263 259 1342 calatorque
273 1266 302 1323 in
325 1266 488 1326 sacerdotio
506 1266 652 1344 augurali,
677 1266 736 1328 tilio
762 1282 878 1345 quoque
902 1264 965 1324 eius
980 1262 1088 1324 Fausto
1124 1271 1129 1277 “

91 1344 271 1421 gratissimus
291 1346 356 1414 iuit;
381 1365 471 1424 quare
492 1366 634 1425 uunquam
656 1365 714 1408 non
736 1353 884 1426 utriusque
903 1366 936 1407 se
955 1346 1090 1408 libertum

92 1428 189 1488 edidit.
230 1427 345 1487 Librum
368 1438 478 1505 autem,
503 1448 587 1507 quem
609 1430 690 1504 Sylla
707 1432 893 1491 novissimum
914 1430 957 1488 de
979 1430 1090 1489 rebus

57 1527 82 1568 15
93 1514 170 1573 suis
189 1511 389 1590 imperfectum
403 1512 576 1590 reliquerat,
593 1514 658 1590 ipse
673 1513 830 1591 supplevit.
1153 1567 1160 1580 ,

154 1595 304 1656 Staberius
326 1595 403 1656 Eros
422 1604 535 1656 suomet
551 1614 621 1656 aere
634 1605 747 1674 emptus
760 1595 796 1655 de
808 1603 917 1656 catasta
929 1603 958 1654 et
969 1603 1092 1675 propter
1100 1602 1134 1656 13

92 1681 250 1741 litterarum
266 1681 387 1741 studium
401 1684 605 1758 manumissus,
628 1679 727 1740 docuit
743 1681 818 1739 inter
844 1687 960 1739 ceteros
976 1679 1092 1739 Brutum

92 1774 121 1825 et
137 1764 277 1826 Cassium.
307 1765 378 1825 Sunt
394 1767 442 1845 qui
457 1765 569 1826 tradunt
585 1774 661 1826 tauta
677 1783 742 1824 eum
753 1764 905 1824 honestate
921 1763 1091 1843 praeditum,

91 1858 121 1909 ut
141 1849 320 1929 temporibus
340 1851 466 1926 Syllanis
488 1851 716 1931 proscriptorum
739 1849 850 1910 liberos
870 1848 1008 1926 gratissi
1031 1848 1093 1907 sine

54 1953 82 1993 ao
91 1935 226 1993 mercede
241 1934 299 1994 ulla
313 1936 342 1993 in
358 1934 538 2013 disciplinam
551 1936 708 2014 receperit.

157 2016 272 2077 Curtius
283 2017 368 2077 Nicia
381 2017 475 2078 haesit
486 2018 546 2079 GN.
559 2019 699 2097 Pompeio
715 2027 744 2078 et
756 2017 788 2078 C.
801 2017 934 2078 Memmio
942 2038 950 2086 ;
963 2014 1015 2076 sed
1028 2034 1091 2077 cum
1100 2020 1136 2078 14

94 2100 247 2161 codicillos
262 2099 378 2162 llemmi
399 2101 435 2161 ad
451 2101 571 2180 Pompei
593 2120 714 2162 uxorem
735 2101 771 2161 de
793 2111 894 2181 stupro
912 2099 1091 2180 pertulisset,

93 2185 225 2266 proditus
243 2185 279 2245 ab
296 2204 348 2262 ea,
364 2184 532 2264 Pompeium
548 2185 681 2262 offendit,
703 2185 848 2263 domoque
870 2187 897 2245 ci
912 2183 1094 2244 interdictum

93 2278 148 2329 est.
178 2267 244 2328 Fuit
260 2279 289 2329 et
303 2269 342 2330 ll.
360 2268 513 2329 Ciceronis
528 2268 691 2339 familiaris3
706 2271 735 2328 in
751 2270 831 2328 cuius
847 2269 973 2348 epistola
986 2267 1021 2328 ad
1034 2266 1093 2328 Do·

55 2371 83 2411 as
94 2352 230 2413 labellum
245 2353 320 2414 hoec
335 2353 371 2412 ds
387 2371 423 2414 eo
439 2352 577 2432 legimus:
600 2351 685 2414 Ntttt
698 2351 818 2414 Romae
831 2354 950 2432 peritur
968 2350 1052 2430 qnod
1067 2357 1096 2412 tc

89 2442 195 2515 putem
209 2437 292 2497 sciro
308 2455 437 2514 aurare,
457 2437 520 2498 nisi
537 2435 621 2514 forte
636 2437 719 2499 scire
731 2437 798 2512 ois,
813 2455 861 2497 rna
875 2437 955 2498 inter
971 2433 1094 2498 Niciam

92 2526 232 2580 normam
252 2525 282 2581 ct
305 2518 425 2583 Vidium
445 2521 576 2583 iudicem
597 2539 674 2583 csse.
713 2520 840 2600 Profert
858 2521 953 2597 alter,
982 2520 1094 2599 opinor
1117 2546 1118 2549 ¹

94 2601 217 2665 duobus
229 2604 410 2684 acrotomis,
437 2623 604 2686 repensam
621 2605 779 2685 lNiciae,·]
796 2606 876 2667 alter
889 2604 1095 2666 Aristarchus

92 2687 151 2749 tos
172 2687 317 2751 obelisci:
338 2708 393 2771 epo
413 2696 560 2771 tauquam
581 2684 709 2753 criticus
732 2691 877 2771 antiquos
897 2689 1095 2752 iudicaturus

58 2786 85 2827 so
94 2790 172 2848 sum,
186 2779 289 2834 utram
300 2774 362 2835 sint
371 2772 434 2837 τοῦ
447 2770 601 2856 [ποιητοῦ
610 2793 653 2838 an
663 2768 999 2857 nupeppieptnpiuoil
1022 2772 1095 2834 Item

94 2857 131 2917 ad
145 2854 288 2919 Atticum:
311 2857 360 2919 Dc
373 2858 467 2922 Nicia
481 2859 567 2941 quod
583 2858 714 2938 scribis,
736 2860 766 2920 si
782 2859 828 2920 ita
842 2877 890 2920 mc
902 2857 1048 2920 taberna
1062 2862 1098 2919 ut

94 2941 161 3002 eius
175 2939 366 3002 humanitate
383 2943 452 3022 frui
460 2961 600 3023 possen,
621 2944 779 3023 inprimis
801 2943 908 3006 oellcm
927 2959 1044 3004 meeum
1058 2941 1095 3002 il·

93 3026 156 3086 luna
169 3023 307 3096 labara·
328 3024 386 3086 scd
397 3028 473 3088 milri
492 3027 627 3089 solitudo
650 3035 681 3089 et
695 3045 838 3089 recessus
852 3027 1021 3107 provincia
1040 3030 1095 3086 cst.

94 3108 264 3171 Praeterea
287 3110 372 3170 nosti
394 3109 505 3174 Niciae
526 3113 627 3173 nostri
647 3111 900 3191 imbecillitatem,
923 3110 1095 3186 mollitiam,

59 3211 85 3252 ss
96 3194 344 3255 caumatadinen
357 3194 467 3257 nictus.
493 3194 558 3257 Gur
574 3214 648 3275 erpo
664 3197 714 3259 illi
732 3196 878 3259 molestus
896 3213 964 3257 csso
985 3193 1096 3274 [solinu

95 3296 163 3338 cum
177 3277 252 3338 milui
264 3277 318 3339 ille
335 3277 489 3341 iucundus
504 3296 573 3341 esse
591 3281 665 3359 non]
680 3280 804 3359 possiti
830 3279 978 3343 Voluntas
996 3285 1097 3340 tanea

94 3361 163 3422 cius
181 3361 256 3423 niti
263 3369 359 3441 prata
374 3371 428 3425 est.
458 3364 547 3424 Huius
569 3363 613 3423 de
627 3363 771 3426 Lucilio
788 3364 881 3426 ¹{bros
896 3365 980 3425 etiam
995 3363 1098 3426 Santra

96 3446 277 3520 comprobat.
