2334 3870
420 245 626 293 PRAEFATIO.
861 243 970 291 LXXXI

68 415 310 464 commentatorum
334 405 440 461 Horatii
462 399 772 478 551151555111551518)
793 405 970 463 5151815-

70 501 128 548 trus
144 491 264 548 Nunnius
281 489 481 545 Alcmariensis
497 489 737 545 miscellaneorum
754 507 779 560 p.
793 494 843 557 72,
867 495 921 543 tum
941 488 969 542 in

68 577 228 631 Horatianis
245 574 415 629 editionibus
431 573 552 627 lluretus
568 590 592 627 a.
606 581 689 644 1555,
707 573 851 629 Lambinus
865 590 889 627 a.
904 576 970 632 1567

69 665 97 714 51
121 659 258 727 Gruquius
282 675 306 712 a.
330 661 397 715 1578
418 656 611 724 vulgaverunt.
655 657 729 712 Haec
759 657 886 727 exempla
918 663 971 711 tam

69 743 162 796 multis
179 742 262 795 rebus
278 741 350 794 inter
365 756 396 793 se
409 739 554 807 dillerunt,
569 746 598 792 ut
613 756 679 794 sane
697 742 846 796 mirandum
865 741 902 795 sit
918 756 970 811 qua

70 825 180 878 ratione
197 823 286 878 omnia
304 840 338 877 err
352 839 406 878 uno
426 822 579 891 eodemque
594 827 690 876 vetere
704 823 775 878 libro
793 826 888 879 bansta
907 840 971 879 esse

71 907 213 969 dicantur;
245 907 346 977 quippe
378 907 490 973 551155,
519 904 564 974 551
593 903 714 959 (1551511
747 905 774 959 15
799 907 967 963 bibliotheca

70 991 99 1044 S.
127 988 199 1042 Petri
224 989 367 1045 Blandinia
395 989 610 1058 asservabatur,
638 987 828 1058 antiquissimo
849 989 969 1045 Nunnius

68 1090 119 1145 per
145 1089 176 1127 se
204 1079 232 1126 et
254 1074 352 1127 Mureti
374 1073 465 1143 gratia
488 1071 625 1126 Antonius
649 1072 829 1140 lllorillonus,
851 1073 970 1142 denique

69 1156 206 1226 Oruquius
219 1158 262 1212 usi
277 1175 340 1212 esse
356 1158 458 1214 uolunt.
504 1155 536 1208 Et
555 1155 692 1226 Gruquius
708 1156 819 1226 quidem
835 1155 972 1211 minimum

69 1240 176 1309 negotii
199 1241 323 1304 15555511,
355 1258 414 1295 cum
440 1246 512 1294 totus
535 1240 594 1294 lere
614 1257 649 1294 ox
670 1240 776 1295 llureto
798 1246 826 1295 51
840 1240 971 1296 Lambiuo

69 1324 205 1394 pendeat,
230 1325 367 1378 interdum
392 1324 426 1377 ad
439 1323 572 1376 Nunnium
587 1324 717 1394 inclinet,
747 1325 834 1380 semel
855 1330 971 1380 tautum-

70 1404 152 1459 modo
174 1405 278 1475 scripto
299 1407 373 1460 libro
396 1405 500 1474 aliquid
526 1401 673 1478 debeat⁸⁹).
716 1408 803 1462 Porro
827 1409 970 1463 Lambinus

72 1504 107 1541 uo
130 1487 265 1540 tantillum
292 1487 403 1556 quidem
425 1503 440 1539 5
461 1491 556 1540 151515
579 1486 653 1540 libro
679 1488 845 1557 desumpsit,
874 1492 924 1543 sed
947 1491 971 1542 is

72 1570 235 1641 compositis
246 1569 345 1624 Nannii
363 1577 390 1624 51
405 1569 505 1623 llureti
524 1567 658 1638 exemplis
674 1567 926 1625 ‘emendatiorem'
945 1577 974 1623 ut

70 1654 132 1725 ipse
145 1653 197 1723 ait,
214 1661 242 1708 ut
258 1653 324 1709 rnibi
341 1653 451 1710 videtur
466 1651 668 1722 corruptiorem
683 1652 863 1724 scriptionem
878 1653 973 1707 reddi·

70 1738 112 1793 dit
138 1736 181 1792 sui
207 1737 313 1809 ingenii
334 1737 453 1809 placitis.
495 1736 532 1790 At
552 1736 673 1792 Muretus
691 1743 732 1792 tot
748 1735 885 1792 lectiones
906 1752 972 1808 pro-

71 1820 147 1893 prias
163 1821 325 1892 Nannioque
345 1822 489 1891 ignoratas
504 1821 588 1876 babet
604 1837 708 1892 easque
725 1828 779 1877 tam
796 1819 906 1877 diversa
923 1838 972 1876 na-

71 1911 142 1973 tura,
158 1911 187 1960 ut
201 1906 272 1960 alter
285 1905 394 1975 quidam
405 1905 496 1960 codex
512 1904 660 1960 llorillono
677 1905 723 1975 qui
741 1904 800 1960 5155
818 1913 913 1961 auctor
929 1912 972 1961 est

71 1995 185 2057 praesto
209 1988 297 2044 luisse
320 1989 440 2058 debeat,
462 1989 540 2043 cuius
557 1988 606 2041 ille
622 1989 773 2044 collatione
800 1991 970 2045 emendatum

71 2069 240 2124 llanaianum
269 2072 423 2141 exemplum
452 2089 468 2125 e
495 2071 622 2126 Flandria
649 2069 784 2128 Venetiae
811 2068 967 2141 miserit⁷⁰).

139 2250 186 2311 68)
211 2254 260 2302 Diu
282 2260 340 2302 ante
360 2252 486 2302 Nannium
506 2253 594 2303 Petrus
614 2252 723 2304 Crinitus
745 2269 800 2304 earn
823 2258 897 2305 vitam
922 2259 970 2306 sibi

71 2330 156 2371 uotam
172 2321 252 2371 luisse
270 2321 432 2387 significavit,
446 2321 477 2370 de
497 2322 578 2386 poetis
596 2321 649 2371 Lat.
666 2321 691 2382 3,
705 2321 747 2373 38.
785 2325 904 2373 Memoria
920 2339 970 2373 uon

71 2390 205 2455 indignum
224 2398 275 2452 est,
297 2405 361 2454 5555
385 2406 400 2440 5
421 2389 540 2440 Suetonio
558 2389 702 2439 referuntur
719 2393 830 2458 Augusti
848 2392 880 2441 ad
901 2393 971 2442 Flac·

71 2474 127 2507 cum
152 2459 273 2523 epistolae
296 2458 432 2509 ‘confictas
455 2459 492 2508 illi
513 2459 580 2509 visas
600 2475 656 2509 5555
682 2474 764 2524 55555
785 2461 878 2525 dignas
902 2468 970 2510 tanto

71 2528 184 2592 principe
207 2527 312 2592 eiusque
333 2543 431 2578 summa
449 2528 612 2580 eruditione'.
650 2528 737 2579 Criniti
759 2529 851 2579 librum
877 2530 970 2580 editum

70 2596 122 2646 vidi
140 2612 164 2645 a.
187 2595 267 2658 1508,
287 2597 332 2647 sed
348 2599 473 2662 antiquior
489 2596 565 2646 editio
580 2604 680 2647 exstare
695 2598 786 2648 dicitur
802 2599 870 2648 dea.
892 2599 968 2649 1500.

138 2663 185 2729 69)
208 2665 361 2715 Vocabulum
378 2669 495 2731 quosdam
512 2683 537 2731 p.
556 2665 619 2724 298,
643 2668 700 2715 251
719 2668 744 2715 15
765 2668 865 2732 seriptis
888 2675 970 2718 exstat

71 2749 183 2797 nequeo
207 2750 334 2798 quoquam
352 2744 410 2785 ante
426 2735 562 2798 cruqmnm
582 2736 648 2800 typis
665 2736 816 2800 impressum
834 2744 881 2787 est.
920 2736 971 2786 Sed

70 2820 96 2868 p.
113 2802 204 2863 1513
221 2804 334 2863 Quintus,
350 2807 367 2854 4
382 2805 486 2869 quidem,
507 2803 539 2853 10
557 2806 582 2853 15
594 2807 711 2868 qratiam,
730 2805 761 2854 12
779 2806 970 2865 consecratur,

72 2873 104 2921 15
122 2872 195 2920 binae
214 2889 259 2932 me,
279 2873 311 2922 18
327 2881 355 2923 ut
372 2874 425 2939 boc,
442 2875 476 2922 24
490 2889 634 2937 repperere,
652 2873 685 2924 33
699 2877 856 2934 amasinum,
869 2893 895 2940 p.
910 2873 971 2935 298,
1004 2905 1006 2910 .

10 2989 13 2992 Δ
73 2939 105 2989 15
120 2954 151 2986 oe
169 2955 280 2990 accusem
295 2939 438 2992 breuitatem
456 2942 578 2992 Lambino
595 2943 742 3001 obsecutus,
762 2958 787 3007 p.
810 2943 874 3004 297,
893 2948 908 2994 5
924 2957 971 2992 em-

68 3007 219 3071 probrasset
234 3011 259 3056 in
279 3011 456 3071 altercatione,
486 3010 517 3060 16
533 3014 650 3060 extremis
667 3010 805 3074 Esquiliis,
825 3013 858 3063 29
884 3012 971 3071 babeo,

70 3093 96 3142 p.
115 3075 179 3134 298,
207 3078 241 3127 27
264 3079 496 3142 551515155155515
520 3095 565 3129 suo
590 3080 665 3144 genio
689 3079 839 3144 indulgens,
865 3089 971 3144 utraque

70 3146 125 3194 sine
144 3145 265 3197 librorum
280 3148 427 3197 auctoritate
443 3149 550 3213 scripsit.
587 3148 720 3197 Praeterea
739 3164 765 3214 p.
788 3150 851 3210 297,
876 3149 909 3201 36
926 3150 971 3199 de-

68 3213 235 3280 prehendisse
251 3231 279 3264 se
300 3216 339 3264 ‘in
361 3216 499 3265 Blandiniis
517 3217 711 3282 manuscriptis'
731 3218 846 3268 lacunam
865 3218 913 3280 511,
939 3218 970 3268 da

69 3297 119 3347 qua
139 3299 170 3332 ex
190 3283 263 3334 lenda
275 3284 429 3350 desperaret.

141 3299 188 3416 703
204 3354 257 3402 lloc
277 3355 371 3418 aliquot
389 3354 512 3419 exernplis
530 3355 751 3406 demonstrandum
771 3372 827 3407 5555
845 3357 967 3424 intelligo.

70 3421 147 3471 blulta
163 3423 265 3486 quidem
280 3424 310 3472 ab
330 3423 429 3474 Nannio
448 3423 523 3473 nimia
541 3423 702 3475 testinatione
722 3434 841 3491 corrupta
858 3421 975 3477 Mocilloss

69 3504 118 3540 555
135 3507 166 3541 ex
185 3491 274 3541 eodem
291 3493 354 3543 libro
370 3492 516 3559 diligentius
533 3494 645 3559 inspecto
665 3495 806 3544 correxisse
822 3504 919 3560 potest,
940 3505 967 3547 ut

111 3580 242 3616 5511155155
739 3569 753 3612 1
