2286 3862
123 217 183 279 132
217 227 247 275 c.
263 223 412 274 sourour
428 221 555 282 resno.
572 221 620 268 nu
634 222 718 270 vrrs
733 221 935 275 osussuurs
950 224 1030 276 uris.
1044 228 1106 279 me

123 387 229 447 seriem
245 397 482 459 recognoscens,
510 376 614 437 nulllus
630 378 765 457 inspecto
782 377 911 458 elogio,
942 388 1033 443 stans
1048 392 1132 447 tutu

122 469 208 530 modo
239 467 313 526 intra
342 466 484 545 porticum
507 461 644 540 mediam,
671 480 692 523 n
719 461 811 525 calco
842 461 895 527 ud
927 464 1064 529 calm
1084 468 1131 532 duci

122 553 284 634 imperarit.
327 551 434 610 votum
451 547 550 623 exegit
567 545 603 607 ab
620 563 672 625 eo,
705 547 754 627 qui
769 564 825 628 pro
840 546 950 611 salute
969 568 1030 615 sua
1042 552 1128 633 gladia

121 639 226 701 toriam
247 652 367 716 operam
388 632 580 712 promiserat,
608 632 812 712 spectauitque
832 630 926 695 terro
952 632 1121 715 dirum

121 742 177 785 nec
202 721 308 782 dimisit
334 717 388 777 uisi
408 718 548 778 rictorem
564 724 594 776 et
613 724 682 796 post
699 716 801 778 multas
824 734 958 797 preces.
1011 720 1129 799 stent

122 807 171 889 qui
192 824 226 867 sc
252 804 409 884 periturum
434 821 470 864 ea
492 801 528 862 de
552 819 638 862 causa
655 810 794 879 vorarat,
823 810 1032 867 cunctantem
1051 806 1120 887 puts

119 889 250 960 tradidit;
286 887 474 949 uerbenatum
499 885 704 965 infulatumque
733 894 832 949 rotun
859 900 1073 969 reposcentes
1087 908 1123 971 pc

120 976 203 1037 vicos
232 982 368 1053 agerent,
398 970 493 1053 quoad
524 973 765 1051 praecipitaretur
792 988 830 1032 ex
856 988 1002 1053 aggere.
1046 974 1123 1039 lulio

119 1060 235 1123 honesti
250 1058 375 1134 ordinis,
408 1056 585 1117 deformatos
608 1057 687 1135 prius
708 1056 875 1135 stigmatum
896 1060 1007 1141 notis,
1036 1060 1071 1123 sd
1087 1078 1121 1121 ns

119 1145 191 1206 talla
213 1151 242 1203 et
260 1141 431 1203 munitiones
455 1142 563 1200 viarum
588 1150 635 1201 aut
657 1140 692 1203 ad
707 1141 816 1203 hcstlas
835 1140 1076 1224 condemnarit,
1096 1152 1129 1207 tt!

120 1229 277 1289 bestiarum
308 1241 391 1286 more
421 1224 614 1305 quadripedes
644 1244 736 1288 cavea
765 1227 921 1306 coercuit,
956 1238 1015 1293 ant
1039 1228 1119 1293 medis

121 1329 202 1374 serra
219 1310 374 1381 dissecuit;
395 1328 451 1371 uec
471 1327 571 1371 omnes
588 1311 727 1388 gravibus
746 1328 784 1371 ex
802 1312 924 1391 causis,
947 1332 1063 1378 verum
1074 1313 1118 1377 nal

121 1398 157 1459 de
178 1413 297 1457 munere
322 1412 374 1456 suo
401 1396 551 1478 opinatos,
583 1395 632 1456 vel
659 1395 735 1475 quod
756 1412 916 1477 numquam
940 1416 1007 1480 per
1034 1401 1119 1482 geum

120 1500 200 1544 suum
215 1480 406 1543 deierasseut.
451 1480 590 1541 Parentes
609 1480 754 1561 supplicio
772 1480 903 1543 illiorum
926 1482 1083 1549 interesse
1094 1500 1119 1545 cr

119 1566 209 1646 gebat
216 1590 223 1636 ;
256 1583 376 1646 quorum
402 1565 450 1626 uui
478 1564 664 1626 valitudinem
697 1566 849 1628 excusanti
881 1565 1038 1633 lecticam
1063 1568 1119 1639 nisi,

120 1651 204 1713 alium
222 1669 238 1711 a
255 1649 426 1730 spectaculo
449 1666 562 1728 poenae
580 1650 673 1730 epulis
694 1651 789 1711 statim
805 1648 944 1713 adhibuit
965 1652 1120 1737 atquconi
1142 1709 1143 1714 ,

120 1737 255 1797 comitate
272 1733 307 1794 ad
324 1733 497 1795 hilaritatem
517 1743 547 1793 et
562 1736 646 1796 iocos
667 1735 850 1818 provocavit.
880 1733 1073 1803 (iuratorum
1086 1754 1119 1799 ur

118 1837 219 1881 nerum
241 1835 276 1878 ac
291 1818 488 1896 venationum,
516 1836 570 1897 pcr
589 1821 741 1881 continuos
764 1819 827 1881 dies
844 1819 875 1881 ln
896 1832 1074 1906 conspectu
1090 1836 1120 1885 stt

120 1903 230 1965 catenis
247 1900 448 1980 verberatum,
472 1920 529 1963 nou
553 1904 632 1983 prius
649 1904 757 1966 occidit
775 1922 861 1985 quam
882 1904 1032 1971 offensus
1052 1916 1120 1991 pultt
1141 1963 1143 1976 .

118 1987 188 2048 facti
205 1982 320 2045 cerebri
335 1984 437 2047 odore.
476 1986 630 2050 Atellanae
652 1998 769 2069 poetam
785 1988 823 2049 ob
845 1987 987 2071 ambigui
1003 1994 1067 2057 ioci
1080 2008 1120 2053 ru
1140 1981 1143 2042 ἶ

118 2069 239 2131 siculum
258 2070 352 2132 media
367 2070 568 2150 amphitheatri
587 2072 695 2135 harena
716 2073 778 2152 igni
801 2076 960 2136 cremavit.
1012 2076 1121 2161 taqua
1142 2085 1143 2102 ³

116 2155 152 2216 tt.
179 2154 323 2216 obiectum
345 2156 432 2235 ioris,
465 2175 528 2218 cum
558 2177 591 2218 se
610 2160 795 2219 innocentem
823 2157 1076 2242 proclamasset,
1095 2176 1121 2221 rc

75 2239 211 2319 seduxit,
244 2241 418 2320 abscisaque
439 2240 538 2320 lingua
559 2261 659 2304 rursus
678 2242 799 2305 induxit.
842 2243 1045 2309 Revocatum
1060 2261 1121 2329 puer

118 2324 181 2387 dam
209 2343 226 2387 a
252 2335 354 2388 vetere
385 2326 474 2386 exilio
504 2328 684 2406 sciscitatus,
714 2325 849 2407 quidnam
873 2326 918 2389 ibi
942 2329 1059 2395 lacere
1078 2345 1121 2393 cot

116 2419 247 2489 suescat,
280 2410 478 2491 respondente
506 2431 542 2472 co
568 2431 622 2491 per
648 2412 855 2474 adulationem:
893 2411 994 2478 Dcoc

116 2496 210 2557 maol
222 2501 272 2573 ut,
296 2495 381 2576 quod
398 2495 511 2574 evcnit,
528 2496 651 2576 periret
668 2495 826 2575 Tidm’uc,
853 2503 883 2559 ct
897 2503 933 2560 tu
945 2499 1122 2583 inopem

116 2580 239 2660 opinans
266 2579 323 2640 sibi
344 2597 461 2662 quoquc
484 2581 587 2642 exules
614 2599 683 2647 suos
704 2589 827 2643 mortem
851 2582 1044 2666 imprecari,
1071 2582 1123 2647 uid

117 2665 224 2725 circum
239 2663 365 2744 insulas,
394 2664 442 2743 qul
457 2668 611 2727 universos
635 2665 880 2728 contrucidarent.
915 2665 999 2733 ilum
1015 2666 1123 2747 discerpi

115 2757 282 2809 senatorem
310 2749 513 2830 concupisset,
549 2751 733 2829 subornarit,
763 2752 811 2832 qui
836 2751 1069 2831 ingredientem
1093 2731 1143 2836 cr}

114 2832 186 2891 riam
201 2842 325 2913 repente
347 2833 462 2895 hostem
478 2836 625 2916 publicum
643 2837 826 2917 appellantes
846 2836 1051 2921 invaderent,
1076 2843 1143 2921 μ’

115 2914 241 2993 phisque
260 2919 427 2980 confossum
451 2917 637 2985 lacerandum
661 2923 768 2984 ceteris
795 2921 965 2994 tradcrcnt;
992 2945 1056 2989 nec
1077 2928 1124 2987 cult

115 2999 234 3060 satiatus
251 3011 297 3062 est
314 3022 399 3083 quam
415 3008 543 3070 membra
565 3016 594 3068 et
610 3016 687 3069 artus
705 3017 734 3068 et
755 3008 872 3069 viscora
892 3006 1033 3072 hominis
1051 3014 1125 3073 nacti

72 3095 171 3163 aopcr
192 3085 274 3144 vicos
305 3096 391 3168 atque
423 3102 489 3154 ante
517 3112 550 3153 se
578 3102 719 3172 congesta
746 3093 877 3154 vidisset.
923 3090 1126 3158 Immanrssiur

115 3170 192 3231 lacta
220 3170 347 3248 augebat
373 3179 524 3240 atrocitate
550 3178 714 3239 verborum.
758 3176 837 3238 Nihil
859 3177 955 3257 magis
979 3180 1014 3241 in
1041 3188 1127 3243 natm

116 3270 167 3313 sua
187 3253 304 3316 laudare
325 3275 357 3316 se
383 3276 417 3318 ac
444 3263 572 3344 probare
592 3263 709 3325 dicebat
730 3280 830 3344 pram,
861 3271 891 3323 ut
913 3261 1019 3343 ipsius
1046 3260 1138 3327 verit

115 3347 193 3415 utar,
222 3326 441 3422 ἀδιατρεψίαν
467 3347 536 3427 [hoc
558 3357 602 3408 cst
617 3347 875 3428 inverecundiaml.
919 3345 1066 3413 dionentl
1080 3346 1126 3410 hu

114 3423 211 3483 toniae
228 3427 309 3487 aviae
326 3435 469 3508 tamquam
491 3450 590 3512 parum
611 3444 691 3494 esset
708 3451 767 3496 non
787 3430 947 3494 oboedire:
979 3432 1127 3499 dimutto

115 3505 154 3566 ait
176 3509 279 3572 omnia
300 3511 376 3574 milri
400 3521 430 3575 ct
447 3516 480 3578 in
501 3516 734 3579 ommistione!
764 3515 976 3580 Trucidaturus
1000 3519 1127 3589 moen,
