2286 3862
87 204 149 266 220
174 217 204 266 c.
219 214 372 266 sonnoru
384 211 513 272 nanno.
526 210 574 258 on
585 208 669 257 vrrs
682 206 867 257 cassanum
878 208 954 259 nra.
968 210 1034 262 uu.

90 378 184 448 cerat,
200 369 405 447 inchoantique
421 365 589 426 Neroniana
605 363 718 425 cantica
733 363 842 443 primus
853 364 996 427 exultans
1009 368 1091 430 etiam

45 463 78 519 la
90 458 206 537 plausit.
237 453 356 514 Talibus
371 451 537 532 principiis,
554 467 687 528 magnam
704 448 819 527 inperii
839 457 958 529 partem
979 454 1091 515 nonnisi

88 540 211 602 consilio
231 548 260 599 et
278 537 397 597 arbitrio
417 534 549 594 uilissimi
574 534 714 612 cuiusque
734 532 908 594 histrionum
931 542 965 596 et
977 538 1089 616 auriga-

86 644 148 686 rum
169 622 391 697 administravit,
418 628 447 679 et
463 620 587 679 maxime
609 617 731 678 Asiatici
752 616 862 679 liberti.
891 616 972 679 uase
987 618 1086 682 adule-

86 710 247 772 scentulum
262 716 356 765 mutua
366 703 484 764 libidine
496 709 721 782 constupratum,
737 718 808 763 mox
820 701 922 765 taedio
933 702 1106 783 profugnms

88 813 151 855 cum
165 789 295 853 Puteolis
317 807 437 869 poscam
458 787 631 849 uendentem
652 784 910 867 reprehendisset,
934 787 1036 851 coiecit
1052 790 1082 849 iu

88 876 247 955 compedes
263 876 416 953 statimque
432 873 520 934 solvit
536 881 564 932 et
575 889 674 932 rursus
686 873 714 931 in
726 869 841 931 deliciis
853 870 975 943 habuit;
987 872 1088 934 iterum

87 960 191 1023 deinde
207 959 244 1021 oh
261 960 375 1019 nimiam
391 958 599 1019 contumaciam
617 964 646 1016 et
661 955 845 1016 ferocitatem
860 964 1021 1037 grauatus,
1037 958 1089 1019 cfr·

88 1045 275 1107 cumforaueo
297 1044 419 1103 lanistae
441 1040 570 1101 uendidit
591 1040 767 1119 dilatumque
790 1040 827 1100 ad
853 1041 945 1103 finem
965 1043 1091 1103 muneris

86 1138 209 1208 repente
226 1125 377 1205 subripuit,
394 1135 423 1184 et
437 1126 588 1204 provincia
605 1125 717 1185 demum
729 1132 853 1205 accepta
862 1127 1044 1206 manumisit,
1058 1144 1091 1188 aa
1098 1146 1118 1188 n

87 1214 179 1292 primo
195 1211 309 1288 imperii
326 1210 372 1270 die
389 1210 484 1269 aureis
500 1208 618 1270 donauit
638 1209 731 1269 anulis
751 1226 841 1287 super
864 1226 1008 1288 caenam,
1031 1230 1091 1273 cum

86 1314 181 1371 mane,
196 1294 367 1372 rogantibus
379 1311 433 1374 pro
446 1310 483 1353 eo
498 1295 619 1371 cunctis,
633 1293 793 1354 detestatus
806 1300 887 1353 esset
899 1296 1090 1357 seuerissime

87 1380 175 1441 talem
191 1379 338 1457 equestris
353 1378 462 1438 ordinis
480 1379 631 1439 maculam.

44 1481 80 1536 13
149 1462 207 1523 Sed
224 1462 271 1523 vel
287 1464 445 1541 praecipue
462 1463 592 1524 luxuriae
609 1465 805 1545 saeuitiaeque
828 1463 963 1544 deditus,
989 1466 1087 1545 epulas

86 1548 224 1610 trifariam
240 1565 365 1627 semper,
379 1548 521 1610 interdum
536 1548 738 1629 quadrifariam
753 1548 964 1628 dispertiebat,
987 1552 1020 1611 in
1034 1552 1108 1613 iere

86 1631 181 1693 tacula
198 1640 227 1691 et
243 1631 362 1710 prandia
377 1641 406 1692 et
421 1652 528 1695 caenas
541 1634 830 1713 comissationesque,
848 1632 941 1695 facile
957 1634 1089 1697 omnibus

87 1718 237 1778 sufficiens
265 1715 420 1778 uomitandi
455 1718 674 1780 consuetudine.
713 1717 864 1780 Indicebat
888 1727 990 1781 autem
1016 1718 1089 1781 aliud

88 1803 135 1864 alii
150 1801 252 1861 eadem
267 1801 323 1878 die,
340 1820 395 1861 nec
411 1804 544 1882 cuiquam
557 1804 649 1863 miuus
665 1802 771 1881 singuli
782 1810 941 1882 apparatus
955 1804 1088 1884 quadrid-

86 1889 171 1965 genis
186 1883 300 1945 milibus
318 1904 458 1947 nummum
474 1888 674 1948 constiterunt.
703 1887 909 1950 Famosissima
925 1906 1023 1968 super
1044 1908 1087 1951 ce·
1142 1933 1143 1962 2

86 1979 165 2031 teras
179 1969 231 2028 fuit
250 1987 340 2031 caena
354 1971 419 2032 data
437 1973 464 2031 ei
480 1971 641 2033 aduenticia
659 1991 675 2033 a
690 1972 795 2051 fratre,
816 1973 919 2051 inqua
936 1972 997 2035 duo
1014 1974 1112 2035 milita

86 2054 308 2114 lectissimorum
338 2056 475 2134 piscium,
506 2064 619 2137 septem
646 2058 739 2117 avium
764 2059 899 2137 apposita
926 2057 1087 2121 traduntur.

85 2138 166 2199 Hanc
183 2155 298 2218 quoque
315 2143 485 2219 exuperauit
501 2142 565 2220 ipse
582 2141 764 2203 dedicatione
785 2142 918 2221 patinae,
944 2160 1035 2245 pam
1054 2142 1087 2205 ob

75 2227 251 2285 immensam
266 2224 488 2302 magnitudinem
506 2226 636 2305 clipeum
656 2224 817 2287 Minervae
836 2224 1031 2307 πολιουχου
1050 2226 1088 2289 di

88 2308 215 2369 ctitabat.
238 2309 271 2369 ln
283 2309 338 2369 hac
355 2328 504 2371 scarorum
520 2312 660 2389 iocinera,
678 2310 880 2390 phasianarum
895 2319 927 2371 et
941 2329 1088 2392 pauonum

88 2392 252 2470 cerebella,
274 2393 388 2472 linguas
411 2395 723 2475 phoenicopterorum,
740 2413 922 2456 murenarum
943 2396 1113 2477 lactes,au

87 2477 201 2538 Parthia
217 2496 309 2557 usque
325 2478 461 2558 fretoque
476 2480 635 2559 llispanico
652 2499 705 2559 per
720 2479 884 2542 nauarchos
899 2497 937 2542 ac
950 2482 1088 2545 triremes

87 2564 251 2640 petitarum,
269 2564 458 2624 commiscuit.
487 2566 526 2627 Ut
543 2573 637 2625 autem
651 2565 738 2625 homo
754 2583 812 2625 non
824 2563 989 2645 profundae
1000 2565 1087 2629 modo

87 2643 139 2705 sed
155 2648 375 2725 intempestiuae
392 2666 507 2728 quoquc
524 2667 560 2711 ac
575 2648 710 2710 sordidae
724 2649 823 2728 gulae,
840 2651 922 2710 nain
937 2652 1087 2715 sacrificio

87 2727 201 2805 quidem
214 2748 346 2809 umquam
360 2741 407 2792 aut
420 2734 523 2793 itinere
538 2733 598 2793 ullo
614 2734 796 2814 temperavit,
811 2735 880 2814 quin
891 2734 968 2796 inter
985 2735 1087 2799 altaria

85 2811 191 2873 ibidem
207 2816 301 2873 statim
317 2817 415 2876 uiscus
430 2826 459 2876 et
473 2817 490 2854 *
505 2817 592 2878 farris
608 2836 701 2898 paene
716 2827 798 2896 rapta
810 2836 827 2877 e
839 2818 910 2881 foco
921 2819 1114 2899 manderet‚tt

87 2898 224 2973 circaque
243 2899 351 2960 viarum
374 2903 497 2982 popinas
518 2902 654 2963 fumantia
676 2901 813 2981 obsonia,
837 2903 885 2964 uel
900 2903 1034 2984 pridiana
1047 2913 1086 2967 at·
1142 2903 1143 2926 *

87 3001 143 3060 que
162 2998 285 3042 semesa.

44 3072 78 3129 lt
150 3065 260 3125 Pronus
282 3086 354 3129 vero
380 3071 416 3130 ad
442 3071 648 3152 cuiuscumque
677 3082 706 3133 et
730 3090 911 3152 quacumque
936 3072 973 3133 de
997 3092 1087 3141 cauta

85 3169 188 3210 necem
204 3160 290 3229 atque
307 3154 489 3232 supplicium,
506 3155 619 3217 nobiles
634 3158 730 3233 viros,
755 3155 974 3236 condiscipulos
991 3167 1024 3220 et
1039 3176 1085 3222 ac·

85 3236 186 3312 quales
212 3253 298 3314 suos,
325 3238 457 3298 omnibus
478 3239 624 3301 blanditiis
644 3250 752 3302 tantum
772 3259 829 3301 uon
851 3240 888 3301 ad
911 3243 1115 3305 societatemtu

84 3319 197 3398 imperii
209 3319 409 3399 adlicefactos,
425 3326 507 3384 uario
520 3343 630 3402 genere
642 3325 751 3385 fraudis
763 3324 886 3395 occidit;
899 3328 988 3389 etiam
999 3346 1087 3390 uuum

83 3419 198 3468 ueneno
214 3422 298 3465 manu
316 3425 367 3467 sua
383 3416 520 3485 porrecto
536 3410 565 3468 in
584 3426 676 3487 aquae
692 3407 815 3487 frigidae
837 3411 976 3490 potione,
1000 3430 1087 3492 quam

81 3484 107 3547 is
123 3493 257 3558 adfectus
272 3489 356 3550 febre
374 3501 561 3570 poposcerat.
591 3491 662 3551 Pum
677 3493 893 3554 foeneratorum
911 3503 941 3555 et
963 3496 1086 3578 stipula·
