2334 3870
390 190 692 242 nrvuscnnunsus.
995 181 1052 244 161

55 349 176 429 ademit,
191 349 312 412 Rbodiis
324 349 362 418 ob
376 350 578 429 paenitentiam
592 359 724 410 veterum
737 350 908 412 delictorum
921 345 1055 411 reddidit.

55 435 224 515 Iliensibus,
242 435 323 515 quasi
338 436 484 496 Romanae
499 435 597 514 gentis
611 435 798 513 auctoribus,
819 435 923 496 tribnta
944 435 974 494 in
989 452 1055 514 per-

57 530 171 601 petuam
180 521 306 597 remisit,
323 521 444 580 recitata
459 529 560 580 vetere
569 521 694 598 epistula
709 519 822 583 Graeca
835 528 952 581 senatus
963 535 1055 599 popu-

57 607 135 685 lique
148 606 184 666 R.
198 604 325 666 Seleuco
341 604 405 681 regi
421 605 571 664 amicitiam
587 614 616 664 et
625 607 795 667 societatem
813 607 852 665 ita
865 603 978 664 demum
993 600 1056 682 pol-

31 691 187 765 ⁵licentis,
207 690 231 749 si
258 689 490 765 consanguineos
511 706 580 748 suos
599 688 721 751 Ilienses
744 690 780 751 ab
803 691 879 749 omni
901 704 992 748 onere
1009 686 1057 745 inr-

55 792 157 833 munes
181 774 384 851 praestitisset.
412 770 536 832 ludaeos
560 773 718 849 impulsore
734 774 858 834 Chresto
882 769 999 835 assidue
1015 779 1057 829 tu·

56 857 221 916 multuantis
241 857 333 917 Roma
354 856 473 935 expulit.
496 855 703 917 Germanorum
726 859 833 935 legatis
855 859 883 917 in
905 855 1058 918 orchestra

59 939 164 1001 sedere
191 940 334 1018 permisit,
365 941 550 1019 simplicitate
580 958 680 1000 eorum
706 950 736 1000 et
761 940 864 1000 fiducia
889 948 1057 1015 commotus,

58 1023 136 1104 quod
154 1025 182 1082 in
200 1025 351 1104 popularia
367 1024 496 1103 deducti,
519 1044 583 1085 cnm
601 1025 872 1087 animadvertissent
886 1023 1011 1084 Parthos
1031 1031 1060 1081 et

22 1119 47 1159 10
56 1108 211 1168 Armenios
226 1109 355 1169 sedentis
370 1111 398 1168 in
415 1119 532 1187 senatu,
554 1110 591 1171 ad
608 1111 709 1171 eadem
729 1110 797 1170 loca
813 1116 918 1188 sponte
937 1106 1058 1167 transie-

55 1201 135 1269 rant,
152 1191 241 1252 nibilo
257 1193 430 1254 deteriorem
450 1195 584 1255 virtutem
600 1205 646 1255 aut
668 1194 864 1256 conditionem
879 1211 959 1253 suam
976 1207 1059 1270 prae-

57 1276 196 1337 dicantes.
220 1277 392 1351 quidarum
408 1278 581 1355 religionem
597 1280 671 1358 apud
688 1280 788 1341 Gallos
806 1278 886 1340 dirae
903 1276 1058 1337 immanita·

56 1364 111 1435 tis,
130 1368 159 1418 et
174 1368 281 1418 tantum
297 1361 407 1419 civibus
426 1361 478 1417 sub
494 1362 627 1437 Angusto
643 1363 840 1439 interdictam,
856 1364 972 1439 penitus
991 1360 1059 1419 abo·

58 1443 146 1510 levit;
175 1451 274 1501 contra
295 1459 379 1500 sacra
393 1442 541 1503 Eleusinia
562 1444 646 1502 etiam
662 1445 821 1504 transferre
837 1463 875 1501 ex
891 1445 988 1502 Attica
1001 1443 1060 1499 lio·

24 1536 135 1585 1⁵mam
152 1533 272 1584 conatus
296 1534 357 1601 est,
382 1524 578 1603 templumque
599 1527 627 1583 in
649 1525 747 1584 Sicilia
768 1525 895 1585 Veneris
916 1522 1062 1597 Erycinae

61 1617 205 1670 vetustate
223 1609 391 1688 conlapsum
402 1617 432 1668 ut
448 1627 485 1667 ex
501 1610 614 1668 aerario
627 1626 697 1688 pop.
710 1608 745 1668 R.
759 1609 944 1684 reficeretur,
962 1613 1063 1665 auctor

61 1695 122 1754 init.
147 1691 217 1752 Cum
232 1693 355 1770 regibus,
367 1693 473 1753 foedus
489 1696 516 1752 in
535 1694 602 1753 foro
624 1694 674 1753 icit
693 1710 784 1772 porca
800 1709 886 1751 caesa
910 1709 945 1750 ac
961 1698 1062 1748 vetere

61 1777 201 1838 fetialium
218 1779 399 1856 praelatione
422 1777 557 1838 adbibita.
582 1778 640 1838 Sed
664 1787 693 1838 et
709 1777 783 1837 haec
798 1785 827 1836 et
843 1785 941 1835 cetera
959 1782 1061 1833 totum-

62 1879 118 1942 que
131 1861 204 1922 adeo
218 1880 255 1921 ex
264 1873 346 1941 parte
358 1881 462 1940 magna
479 1865 669 1942 principatum
681 1880 738 1922 non
751 1871 807 1922 tam
823 1878 876 1919 suo
893 1878 977 1939 quam
991 1875 1062 1918 uxo·

24 1961 124 2006 norum
143 1946 370 2026 libertorumque
399 1947 516 2007 arbitrio
539 1947 759 2022 administravit,
785 1946 850 2005 talis
872 1944 979 2024 ubique
1001 1941 1062 2022 ple-

61 2049 194 2108 rumque,
212 2031 325 2107 qualem
341 2048 408 2089 esse
423 2048 487 2090 eum
502 2041 550 2091 aut
564 2031 718 2110 expediret
732 2030 791 2089 illis
808 2039 855 2089 aut
869 2029 984 2089 liberet.

124 2115 254 2193 Sponsas
283 2113 432 2174 admodum
461 2113 633 2174 adulescens
660 2114 730 2174 duas
757 2113 876 2174 habuit:
910 2113 1106 2173 Aemiliamib

62 2197 198 2278 Lepidam
216 2196 339 2275 Augusti
361 2207 534 2277 proneptem
553 2244 561 2274 ,
583 2201 649 2259 item
671 2199 780 2258 Liviam
794 2198 995 2272 Medullinam,
1018 2196 1064 2256 cui

63 2293 93 2343 et
108 2299 273 2360 cognomen
292 2281 430 2343 Camillae
448 2291 525 2358 erat,
545 2300 561 2342 e
580 2300 691 2359 genere
709 2284 824 2362 antiquo
845 2281 994 2342 dictatoris
1011 2278 1064 2339 Ga·

25 2367 143 2427 sumilli.
188 2366 335 2443 Priorem,
361 2365 437 2445 quod
460 2375 597 2445 parentes
619 2367 680 2426 eius
695 2366 857 2444 Angustum
874 2364 1065 2441 offenderant,

63 2452 206 2528 virginem
228 2451 320 2510 adhuc
340 2450 516 2530 repudiavit,
536 2451 731 2528 posteriorem
753 2452 819 2529 ipso
841 2450 980 2528 die,·qui
1004 2455 1066 2507 erat
1133 2456 1148 2482 ²

64 2535 171 2614 nuptiis
187 2533 360 2612 destinatus,
379 2554 416 2595 ex
433 2533 589 2595 valitudine
608 2536 710 2595 amisit.
732 2536 850 2596 Uxores
866 2533 970 2594 deinde
987 2533 1066 2593 duxit

64 2619 203 2680 Plautiam
225 2620 434 2697 Urgulanillam
454 2620 631 2699 triumphali,
657 2629 685 2680 et
707 2638 776 2680 mox
792 2619 905 2679 Aeliam
920 2618 1065 2679 Paetinam

67 2703 212 2764 consudari
228 2714 321 2782 patre.
347 2703 417 2764 Gum
432 2713 553 2783 utraque
569 2704 722 2764 divortium
736 2705 823 2780 iecit,
845 2702 897 2763 sed
915 2720 977 2762 oum
994 2701 1065 2763 Pae-

27 2799 56 2842 so
66 2789 124 2848 tina
140 2805 178 2846 ex
190 2787 302 2848 levibns
316 2789 450 2865 eliensis,
469 2807 531 2848 oum
547 2789 730 2867 Urgulanilla
746 2788 784 2848 ob
798 2788 944 2848 libidinum
959 2787 1067 2866 probra

66 2882 95 2932 et
124 2871 269 2932 homicidii
294 2875 490 2951 suspitionem.
522 2873 592 2934 Post
621 2874 673 2934 has
698 2873 844 2934 Valeriam
872 2870 1066 2946 Messalinam,

64 2955 183 3016 Barbati
197 2955 341 3017 Messalae
364 2956 530 3017 consobrini
553 2959 597 3017 sui
619 2958 721 3035 liliam,
746 2959 774 3016 in
790 2957 998 3019 matrimonium
1020 2971 1067 3013 ac-

68 3041 156 3119 cepit.
195 3039 286 3115 Quam
310 3059 373 3100 cum
395 3042 588 3119 comperisset
609 3060 698 3120 super
723 3050 821 3103 cetera
850 3042 958 3119 flagitia
981 3047 1069 3118 atque

68 3124 216 3185 dedecora
235 3122 267 3183 G.
285 3124 357 3184 Silio
375 3127 458 3186 etism
479 3128 615 3204 nupsisse
631 3125 699 3187 dote
718 3128 791 3187 inter
813 3128 949 3205 auspices
973 3123 1068 3184 consi·

28 3217 170 3288 aogmata,
193 3208 337 3287 supplicio
360 3209 467 3269 adiecit
491 3211 727 3290 confirmavitque
754 3230 808 3290 pro
834 3210 970 3271 contione
993 3206 1069 3287 apud

68 3294 281 3374 praetorianos,
294 3300 444 3374 quotenus
456 3292 518 3354 sibi
527 3295 725 3356 matrimonio
735 3295 817 3356 male
831 3294 982 3370 cederent,
995 3311 1060 3372 per·

67 3395 248 3438 mansurum
262 3395 296 3438 sc
311 3378 344 3438 in
360 3376 531 3456 coelibatu,
549 3396 588 3440 cc
602 3379 664 3440 nisi
678 3379 917 3458 permansisset,
943 3395 1005 3439 noo
1019 3395 1055 3438 re

68 3468 250 3523 causaturum
271 3461 399 3524 confr‘la'.
416 3462 554 3520 mamilus
586 3463 718 3524 imru-apsa
763 3463 828 3512 Van
856 3463 958 3512 ‘'rrnrn
982 3461 1057 3508 *Η

120 3566 256 3607 snnromn·
