2286 3862
122 178 184 239 228
209 188 239 236 c.
252 184 404 236 sourour
416 182 543 244 renuo.
557 183 604 230 nu
620 183 702 231 vrrs
715 181 900 233 onusuunu
914 184 990 236 uus.
1006 188 1083 241 vrrr.

182 342 268 421 Apud
280 341 413 401 iudaeam
427 337 550 400 Carmeli
564 339 610 400 dei
625 338 774 399 oraculum
785 339 993 403 consulentem
1005 344 1047 406 ita
1060 362 1124 407 cou-

123 430 274 489 firmavere
291 434 403 501 sortes,
429 432 459 482 ut
480 421 617 502 quidquid
637 425 782 501 cogitaret
801 422 1002 504 uolueretque
1020 429 1124 509 animo,

124 510 279 592 quamlibet
296 526 446 587 magnum,
469 506 497 566 id
522 525 588 567 esse
610 515 816 587 proventurum
841 507 1069 586 pollicerentur;
1095 525 1124 576 et

123 614 194 655 unus
210 613 248 655 err
262 592 410 654 nobilibus
428 592 550 670 captivis
570 590 710 669 losepus,
733 608 796 651 oum
821 592 992 655 coiceretur
1008 595 1038 655 iu
1060 600 1120 658 riu·

124 680 199 757 cula,
217 677 449 739 constantissime
465 677 645 736 asseveravit
660 674 725 736 iore
741 683 771 735 ut
791 673 828 735 ab
845 675 955 737 eodem
965 674 1045 739 brevi
1054 682 1137 745 sol-s

122 771 257 837 veretur,
281 779 381 820 verum
404 761 459 820 iam
481 761 665 839 imperatore.
700 758 913 821 Nuntiabantur
935 770 1027 823 etex
1044 763 1110 825 urbe

124 846 288 927 praesagia,
304 843 450 904 Neronem
466 843 567 903 diebus
583 843 686 904 ultimis
702 845 837 905 monitum
854 862 912 925 per
926 846 1071 925 quietern,
1088 857 1117 908 ut

123 938 235 990 tensam
249 928 328 988 lovis
340 927 445 1007 Optimi
460 928 576 989 blauimi
592 946 608 987 e
628 929 758 989 sacrario
774 930 802 988 in
817 927 934 989 domum
948 930 1121 1011 Vespasiani

122 1022 151 1073 et
165 1011 231 1072 inde
244 1013 272 1071 iu
288 1014 394 1073 circum
409 1013 580 1082 deduceret;
604 1030 640 1073 ac
655 1031 713 1073 non
730 1012 818 1073 multo
835 1021 918 1092 poet,
938 1017 1061 1077 comitia
1081 1035 1120 1076 sc

122 1096 205 1156 cundi
225 1096 390 1156 consulatus
406 1100 521 1156 ineunte
538 1095 642 1173 Galba,
660 1105 780 1157 statuam
796 1095 862 1156 Divi
882 1096 939 1159 lull
962 1099 1003 1161 ad
1025 1099 1142 1164 Orien-r

120 1190 177 1241 tem
189 1188 294 1260 sponte
306 1197 492 1247 conversam
509 1180 631 1259 acieque
642 1180 832 1258 betriacensi,
848 1181 931 1260 prius
944 1200 1037 1263 quom
1051 1204 1119 1248 conr

119 1265 290 1340 mitteretur,
307 1262 378 1323 duas
394 1262 506 1343 aquilas
522 1265 551 1324 in
564 1274 725 1344 conspectu
737 1265 860 1325 omnium
876 1266 1071 1347 conflixisse,
1087 1272 1116 1329 ri·

121 1356 226 1427 ctaque
241 1347 333 1407 altera
347 1350 555 1427 supervenisse
570 1350 683 1410 tertiam
696 1349 733 1410 ab
751 1348 822 1410 solis
837 1357 944 1411 exortu
968 1370 1007 1414 ao
1030 1354 1118 1415 victri-

93 1438 183 1493 6cem
198 1430 347 1508 abegisse.
387 1431 451 1493 Nec
469 1442 564 1493 tamen
580 1433 732 1512 quicquam
751 1442 816 1495 ante
834 1437 1010 1514 temptavit,
1030 1455 1118 1518 prom·

121 1517 257 1596 ptissimis
273 1524 359 1593 atque
375 1518 460 1576 etiam
477 1517 648 1577 instantibus
662 1519 738 1595 suis,
755 1533 840 1597 quam
855 1517 1040 1582 sollicitatus
1056 1539 1138 1601 quon

119 1599 237 1660 rundam
255 1607 284 1659 et
298 1601 464 1675 ignotorum
483 1610 512 1661 et
527 1601 686 1662 absentium
701 1601 821 1662 fortuito
837 1601 953 1662 lavore.

182 1683 322 1746 Moesiaci
338 1687 484 1745 exercitus
500 1684 564 1745 bina
583 1703 598 1744 e
616 1685 707 1746 tribus
727 1684 892 1767 legionibus
914 1684 1016 1767 milia,
1039 1692 1120 1751 missa

121 1767 227 1828 auxilio
244 1767 359 1844 Othoni,
376 1778 529 1847 postquam
545 1769 688 1846 ingressis
703 1771 758 1831 iter
770 1771 925 1830 nuntiatum
941 1779 1001 1849 est,
1018 1775 1120 1835 vicrnn

120 1870 184 1913 eum
199 1870 234 1913 ac
251 1853 306 1911 vim
321 1853 397 1912 ritae
415 1871 485 1912 suae
501 1852 650 1930 attulisse,
670 1852 760 1914 nibilo
776 1853 866 1914 setius
880 1853 1058 1933 Aquileiam
1081 1877 1118 1919 us·

120 1954 177 2015 que
202 1945 484 2014 perseveraverunt,
515 1938 595 2015 quasi
616 1939 723 1998 rumori
744 1937 836 1998 miuus
858 1936 1032 2001 crederent.
1082 1941 1141 2002 lbio

119 2039 173 2099 per
189 2021 374 2080 occasionem
389 2037 423 2080 ac
435 2019 580 2082 licentiam
592 2023 667 2081 omni
682 2023 845 2100 rapinarum
855 2039 970 2098 genere
981 2026 1119 2102 grassati

120 2122 184 2165 cum
199 2104 331 2164 timerent
354 2122 390 2164 ne
412 2104 466 2164 sibi
491 2107 619 2165 reversis
643 2105 791 2166 reddenda
812 2107 884 2167 ratio
909 2123 947 2167 ao
969 2107 1119 2171 subeunda

119 2206 214 2269 poena
230 2196 325 2263 esset,
342 2189 494 2249 consilium
509 2190 632 2249 inierunt
646 2189 772 2267 eligendi
795 2189 973 2269 creandique
996 2193 1119 2275 impera·

118 2274 204 2342 toris;
229 2290 324 2351 neque
346 2274 420 2332 enim
443 2272 605 2333 deteriores
626 2292 692 2334 esse
714 2283 761 2334 aut
775 2272 962 2352 Hispaniensi
985 2278 1119 2337 exercitu

119 2357 167 2434 qui
182 2355 311 2433 Galbam,
330 2365 377 2416 aut
393 2357 579 2435 praetoriano
599 2359 646 2437 qui
662 2357 813 2435 Othonem,
832 2365 880 2417 aut
893 2356 1139 2422 Germanicianora

118 2441 166 2520 qui
183 2440 332 2502 Vitellium
347 2441 496 2501 iecissent.
534 2440 695 2519 Propositis
711 2443 808 2520 itaque
824 2440 988 2503 nominibus
1004 2442 1117 2524 legato

118 2543 179 2583 rum
198 2524 401 2600 consularium,
420 2533 490 2603 quot
505 2524 610 2604 ubique
627 2535 694 2585 tunc
711 2534 804 2602 erant,
822 2544 885 2585 cum
900 2535 1023 2589 ceteros
1034 2528 1117 2590 alium

118 2608 173 2668 clia
188 2608 224 2668 de
241 2625 327 2669 causa
342 2608 557 2685 improbarent,
577 2617 606 2668 et
621 2608 763 2687 quideme
780 2608 898 2686 legione
914 2610 1020 2690 tertia,
1046 2630 1117 2692 quac

118 2690 170 2750 sub
188 2694 266 2752 exitu
279 2690 406 2751 Neronis
421 2693 557 2753 translata
578 2710 615 2752 ex
630 2692 713 2768 Syria
729 2694 758 2753 iu
772 2692 912 2753 lloesiam
926 2693 1045 2773 iuerat,
1062 2698 1116 2758 Vc

3 2798 6 2803 ’
117 2778 282 2855 spasianum
299 2773 432 2836 laudibus
446 2776 567 2852 ierrent,
585 2795 740 2837 assensere
758 2777 853 2837 cuncti
867 2793 1039 2857 nomenque
1055 2781 1141 2841 clusa

117 2859 232 2918 vexillis
253 2860 384 2919 omnibus
405 2860 468 2920 sine
490 2876 570 2920 mora
592 2861 810 2940 inscripserunt.
848 2860 885 2921 llt
906 2868 975 2922 tunc
999 2863 1116 2942 quidem

117 2960 285 3020 compressa
300 2960 348 3003 res
364 2953 418 3020 est,
436 2945 583 3005 revocatis
600 2944 635 3004 ad
649 2945 776 3006 cilicium
797 2944 922 3004 numeris
945 2962 1115 3028 parumper.

117 3025 251 3087 Ceterum
267 3025 416 3103 divulgato
431 3029 521 3105 iacto,
538 3026 671 3088 Tiberius
689 3027 857 3090 Alexander
871 3028 1046 3107 praefectus
1058 3031 1115 3092 Ae·

115 3113 197 3189 gypti
217 3111 324 3189 primus
339 3112 366 3169 in
383 3112 475 3172 verba
487 3114 661 3191 Vespasiani
676 3113 809 3191 legiones
825 3111 922 3189 adegit
933 3112 981 3173 lll.
997 3114 1054 3176 lul.
1069 3117 1117 3195 qui

117 3196 293 3274 principatus
313 3193 374 3253 dies
392 3197 420 3254 in
434 3205 582 3276 posterum
595 3195 767 3257 observatus
779 3204 832 3256 est.
858 3195 994 3258 Iudaicus
1007 3198 1142 3261 deindcc

115 3281 262 3339 exercitus
277 3281 314 3340 V.
331 3277 397 3338 ldus
411 3279 463 3340 lul.
481 3280 557 3360 apud
572 3282 665 3362 ipsum
680 3283 792 3341 iuravit.

181 3363 333 3424 Plurimum
350 3366 462 3442 coeptis
479 3365 661 3425 coutulerunt
675 3367 809 3426 iactatum
831 3365 983 3444 exemplar
1006 3367 1117 3448 epistu-

114 3440 160 3503 lae
175 3466 262 3509 verae
277 3450 339 3508 sive
356 3446 447 3508 falsae
468 3446 594 3508 defuncti
613 3448 733 3510 Othonis
754 3455 788 3510 ad
810 3449 1044 3532 Vespasianum,
1067 3470 1117 3513 ex·
