2334 3870
110 201 172 262 252
198 212 226 261 c.
241 209 390 259 sunrour
404 207 532 266 anano
545 207 593 253 nn
604 205 688 252 unua
700 204 887 256 cassanum
898 209 970 257 uns.
984 210 1064 265 vm.

111 389 167 450 que
179 368 216 430 ad
228 373 316 445 eaput
332 362 485 442 quidquam
503 369 628 439 excepto
646 361 770 438 oapulo,
793 368 823 420 et
841 371 998 440 praeterea
1017 369 1120 433 clausa

110 455 205 516 omnia
219 450 404 528 repperisse;
421 454 507 524 atque
518 446 598 505 illum
612 445 725 505 interim
743 453 860 524 arrepto
878 445 1070 532 deductoque
1083 458 1119 517 ad

108 549 216 600 terram
230 532 395 612 Stephano,
408 531 602 591 conluctatum
614 529 677 606 diu,
699 528 764 589 dum
781 528 868 591 modo
882 530 989 593 ferrum
1012 548 1117 600 extor-

110 640 217 703 quere,
240 617 326 678 modo
347 632 515 695 quamquam
532 615 645 675 laniatis
666 614 763 690 digitis
784 613 886 675 oeulos
906 616 1035 680 effodere
1059 641 1113 683 co-

110 716 202 770 natur.
1120 726 1133 762 n

173 788 295 849 Oooisus
312 793 357 844 est
373 781 465 844 XIIII.
486 783 533 843 lll.
552 783 636 843 Ootb.
654 799 729 844 anno
748 785 851 844 aetatis
871 783 1109 864 quadragensimo

110 876 219 955 quinto,
235 870 347 948 imperii
360 871 459 947 quinto
472 867 594 929 deeimo.
618 864 750 928 Cadaver
761 869 839 946 eius,
858 869 995 947 populari
1012 873 1114 935 sanda-

109 959 169 1040 pila
181 973 234 1035 per
245 953 427 1032 vespillones
446 961 643 1031 exportatum,
661 951 771 1026 Phyllis
788 954 884 1012 nutriar
901 953 931 1013 iu
949 953 1116 1019 suburbano

110 1060 163 1103 suo
172 1040 271 1101 latina
282 1038 330 1097 via
347 1037 505 1107 luneravit;
526 1035 579 1096 sed
595 1035 734 1115 reliquias
750 1036 860 1116 templo
876 1035 1001 1099 Flaviae
1020 1046 1116 1119 gentis

111 1127 185 1188 olam
196 1122 303 1199 intulit,
319 1119 522 1198 cineribusque
533 1120 623 1181 Iuliae
635 1119 691 1180 'liti
702 1120 789 1199 filiae,
799 1138 884 1199 quam
898 1130 929 1181 et
938 1123 1038 1202 ipsam
1050 1127 1114 1193 edu·
1123 1147 1145 1187 m

111 1218 200 1288 uarat,
217 1207 396 1268 ooumisouit.

67 1307 103 1364 ιε
172 1293 286 1354 Statura
308 1290 361 1350 fuit
382 1306 526 1369 procera,
555 1289 636 1349 vultu
654 1288 789 1352 modesto
812 1287 991 1371 ruborisque
1016 1294 1114 1373 pleno,

109 1375 268 1458 grandibus
284 1374 387 1452 oeulis,
399 1392 498 1435 verum
511 1374 574 1434 aoie
587 1373 756 1444 hebetiore;
776 1383 932 1454 praeterea
944 1376 1072 1456 puloher
1083 1399 1115 1441 aa

111 1464 231 1539 doeens,
245 1461 367 1521 maxime
381 1460 410 1518 in
425 1461 550 1536 iuventa,
562 1469 591 1519 et
605 1459 719 1538 quidem
729 1467 791 1519 toto
812 1475 961 1539 oorpore,
980 1466 1114 1543 exeeptis

110 1546 250 1629 pedibus,
274 1561 394 1624 quorum
413 1544 520 1622 digitos
540 1546 737 1605 restrictiores
760 1542 902 1613 habebat;
926 1553 1036 1623 postea
1059 1549 1142 1609 eal-u

109 1634 179 1692 vitio
193 1648 309 1709 quoque
322 1628 460 1688 deformis
482 1637 510 1687 et
529 1628 671 1689 obesitate
689 1628 798 1688 ventris
817 1637 847 1687 et
864 1645 981 1689 orarum
997 1633 1115 1709 graeili-

109 1725 180 1793 tate,
193 1733 267 1793 quae
279 1724 373 1775 tamen
386 1715 412 1772 ei
429 1712 585 1772 valitudine
601 1712 691 1790 longa
707 1720 933 1773 remaoruerant.
963 1712 1115 1777 Commen-

111 1800 173 1862 dari
186 1818 218 1859 se
237 1795 412 1858 verecundia
432 1797 491 1856 oris
511 1796 584 1857 adeo
603 1796 763 1874 sentiebat,
781 1806 811 1858 ut
828 1797 905 1876 apud
922 1808 1058 1861 senatum
1074 1803 1116 1862 sio

110 1883 252 1964 quondam
263 1881 427 1940 iactaverit:
458 1877 561 1958 Usque
582 1880 684 1941 adbuc
704 1888 788 1942 certe
807 1888 836 1942 et
859 1881 995 1943 auianum
1018 1903 1115 1946 summ

106 1964 268 2047 probastis
282 1970 313 2024 et
325 1962 449 2024 vultum.
484 1960 607 2025 Calvitio
625 1966 665 2027 ita
683 1966 896 2046 offendebatur,
917 1968 995 2027 utin
1015 1979 1145 2031 contu-at

108 2050 221 2111 meliam
235 2067 315 2111 suam
326 2047 464 2127 traheret,
478 2049 503 2109 si
514 2050 560 2110 oui
571 2050 619 2110 alii
630 2050 698 2111 iooo
716 2052 766 2113 vel
783 2051 877 2128 iurgio
899 2051 1114 2126 obiectaretur3

110 2136 239 2215 quamvis
262 2133 380 2212 libello,
401 2152 487 2213 quem
508 2134 551 2194 de
580 2153 664 2196 cura
687 2136 912 2215 capillorum
936 2136 974 2196 ad
992 2139 1116 2200 amionnr

110 2221 209 2300 edidit,
221 2221 295 2282 haee
315 2220 410 2297 etiam,
428 2220 511 2280 simul
529 2220 608 2280 illum
628 2238 718 2299 seque
732 2220 900 2298 consolans,
918 2219 1093 2285 inseruerit:

228 2293 298 2385 Οὐχ
313 2291 426 2387 ὁράᾳς,
443 2291 513 2376 οἷος
527 2292 618 2383 κάγώ
633 2295 734 2377 καλός
748 2325 784 2366 τε
800 2298 902 2386 μέγας
920 2321 978 2382 τες

110 2388 230 2454 Eadem
245 2409 292 2452 me
309 2396 410 2451 tuanen
422 2395 547 2450 mamam
560 2388 743 2467 capillorum
757 2389 846 2470 futu,
868 2395 897 2450 et
914 2386 995 2467 sorti
1009 2391 1143 2459 auduom

108 2475 178 2554 fero
196 2493 314 2537 comum
328 2474 361 2535 iu
376 2472 590 2535 adulescentia
603 2481 818 2537 salomontos.
850 2473 945 2536 Seius
965 2492 1024 2538 nee
1038 2495 1114 2556 gru·

68 2562 102 2616 19
110 2560 170 2619 tius
186 2560 347 2638 quiequam
363 2558 476 2619 deeora
494 2575 551 2618 aee
565 2556 697 2618 breuius.
728 2558 850 2621 Laboris
868 2559 1041 2639 impatiens,
1063 2580 1114 2642 pe-

109 2641 192 2701 dibus
207 2660 261 2719 per
271 2642 371 2701 urbem
383 2659 442 2701 non
452 2650 563 2702 temere
575 2640 747 2720 ambulavit,
764 2648 794 2704 in
812 2641 1002 2723 expeditione
1013 2653 1045 2705 et
1063 2664 1113 2724 ag·

108 2726 184 2783 mine
196 2742 272 2803 equo
284 2727 389 2800 rarius,
401 2725 506 2785 leotiea
518 2725 632 2785 assidue
645 2736 747 2786 neotus
765 2736 820 2793 est.
848 2727 1005 2789 munorum
1019 2730 1113 2807 nullo,

108 2808 277 2885 sagittarum
301 2809 348 2868 vel
372 2809 532 2888 praecipuo
556 2806 650 2868 studio
675 2812 836 2873 tenebatur.
875 2810 1023 2874 centenas
1041 2814 1144 2876 variis

109 2893 226 2972 generis
247 2891 327 2952 ieras
346 2911 437 2973 saepe
453 2894 482 2953 in
499 2891 615 2955 Albano
633 2911 756 2956 seoessu
775 2897 980 2957 oonlioientem
995 2907 1113 2978 speeta-

109 2996 180 3038 vere
195 2976 339 3056 plerique,
353 2987 438 3056 atque
451 2981 535 3039 etiam
551 2997 589 3039 ex
606 2977 743 3041 industria
761 2982 801 3042 ita
820 2978 997 3060 quarundam
1017 2985 1114 3064 capita

109 3064 255 3142 figentem,
273 3068 304 3119 ut
315 3060 427 3122 dnobus
444 3062 548 3124 iotibus
566 3064 647 3142 quasi
662 3083 771 3127 oornua
789 3064 931 3126 efiiceret.
965 3065 1113 3129 Nonnum-

110 3166 193 3227 quam
205 3146 233 3207 in
251 3146 332 3225 pueri
351 3147 455 3225 proonl
476 3150 576 3208 stantis
592 3148 818 3228 praebentisque
836 3166 891 3228 pro
909 3150 1038 3231 scopulo
1055 3151 1113 3213 dis·

110 3249 228 3311 pansam
240 3231 375 3291 dexterae
386 3247 486 3290 manus
502 3232 635 3310 palmam,
648 3235 769 3311 sagittas
779 3242 857 3295 tanta
870 3241 933 3293 arte
945 3232 1071 3315 direxit,
1082 3245 1145 3304 ntas

110 3333 210 3376 omnes
222 3334 276 3394 per
287 3304 439 3375 iuter'valla
455 3313 610 3392 digitorum
621 3319 746 3379 innooue
758 3317 927 3379 evaderent.

64 3403 100 3457 2ο
165 3398 310 3461 Liberalia
322 3398 413 3460 studia
423 3399 537 3475 imperii
550 3400 630 3461 initio
649 3402 798 3481 neglexit,
814 3419 988 3482 quamquam
1005 3402 1113 3466 biblio·

106 3483 207 3544 thsoas
226 3484 361 3545 incendio
378 3481 543 3560 absumptas
563 3484 778 3564 impensissime
799 3503 940 3565 reparare
964 3497 1113 3569 emutat,
