2334 3870
477 171 583 220 muns
605 172 733 222 meme.
1066 162 1104 225 31

98 348 171 390 usus
185 327 378 389 dominatione
398 335 429 386 et
449 327 511 387 iure
528 345 632 389 caesus
651 328 842 389 existimetur.
885 325 952 388 Non
966 329 1042 389 enirn
1054 327 1105 390 bo·

99 431 190 475 nores
206 412 294 475 modo
312 413 417 471 nimios
438 413 567 489 recepit:
595 415 760 474 condnuum
782 411 979 490 consulatum,
999 431 1105 493 perpe·

101 508 174 560 tuam
191 497 377 573 dictaturam,
401 495 670 577 praefecturamque
691 516 817 575 morum,
839 498 959 577 iusuper
982 514 1104 576 praeno·

97 601 162 643 meu
187 581 395 662 Imperatoris,
427 597 590 656 cognomen
611 581 704 643 Patris
730 584 857 663 patriae,
884 588 1006 642 statuam
1029 583 1106 641 iuter

73 685 204 744 treges,
231 672 404 742 suggestum
422 665 452 723 in
471 664 638 733 orchestra;
664 667 716 726 sed
736 676 766 727 et
785 667 928 746 ampliora
948 667 1036 725 etiam
1055 664 1104 724 hu·

94 767 182 811 mano
198 749 320 824 imtigio
336 747 455 808 decerni
472 746 528 806 sibi
542 765 648 827 passus
663 758 721 809 est:
740 751 839 811 sedem
852 768 968 812 auream
982 751 1011 809 in
1026 749 1106 808 curia

97 844 128 893 et
143 848 199 911 pro
214 830 364 910 tribunali,
382 840 493 893 tensam
507 840 537 892 et
550 831 694 892 ferculum
709 834 832 894 circensi
845 853 966 915 pompa,
983 832 1104 912 templa,

99 934 178 993 aras,
202 914 353 977 simulacra
374 919 454 978 iuxta
475 917 566 994 deos,
593 916 744 996 pulvinar,
770 917 926 995 flaminem,
952 919 1103 998 lupercos,

97 1000 323 1081 appellationem
338 1003 446 1062 mensis
463 1020 480 1061 e
500 1019 554 1063 suo
570 1003 702 1072 nomine;
724 1019 761 1062 ac
784 1000 881 1061 nullos
901 1017 958 1060 non
972 1001 1105 1065 honores

61 1104 84 1145 ro
95 1085 131 1147 ad
147 1083 296 1145 libidinem
316 1087 394 1166 cepit
407 1095 438 1146 et
450 1086 538 1147 dedit.
562 1075 712 1146 lTertium
728 1095 758 1147 et
776 1093 908 1166 quartum
926 1083 1105 1145 consulatum

94 1168 177 1231 titulo
198 1178 282 1230 tenus
300 1173 409 1248 gessit,
432 1180 586 1233 contentus
609 1171 770 1234 dictaturae
792 1178 940 1251 potestate
963 1169 1103 1231 decretae

95 1272 158 1315 cum
175 1253 373 1315 consulatibus
388 1256 487 1332 simul,
509 1265 595 1334 atque
616 1264 739 1336 utroque
760 1274 835 1318 anuo
855 1255 941 1316 binos
963 1252 1103 1317 consules

95 1337 241 1399 substituit
256 1336 313 1395 sibi
324 1339 355 1396 in
369 1346 468 1396 ternos
478 1340 654 1398 novissimos
666 1359 799 1416 meuses,
819 1343 859 1402 ita
873 1348 904 1399 ut
918 1339 1014 1401 medlo
1029 1348 1101 1399 tem·

96 1437 173 1500 pore
193 1420 310 1477 comitia
330 1419 408 1476 nulla
428 1417 561 1477 habuerit
585 1429 702 1496 praeter
719 1423 897 1480 tribunorum
919 1432 949 1480 et
966 1423 1103 1481 aedilium

61 1501 208 1584 replebis,
232 1499 460 1581 praefectosque
481 1517 536 1579 pro
557 1501 740 1579 praetoribus
764 1504 962 1577 constituerit,
983 1503 1033 1578 qui
1053 1518 1103 1579 ap·

97 1595 183 1648 sente
205 1604 239 1646 sc
259 1603 309 1645 res
331 1584 455 1646 urbanas
476 1583 715 1646 administrarent.
760 1583 856 1644 Pridie
880 1593 975 1643 autem
997 1582 1103 1644 Kalen·
1122 1636 1151 1645 ..

95 1672 148 1733 das
160 1670 307 1732 Ianuarias
323 1670 474 1750 repentina
487 1669 616 1729 consulis
630 1679 724 1730 morte
738 1677 903 1729 cessantem
918 1665 1061 1727 honorem
1073 1668 1103 1728 in
1142 1674 1157 1691 ·’

95 1773 204 1837 paucas
227 1754 315 1816 horas
338 1755 448 1834 petenti
473 1754 561 1815 dedit.
605 1754 716 1816 Eadem
739 1754 858 1814 licentia
878 1760 979 1831 spreto
1006 1751 1100 1832 patrio

95 1857 191 1918 more,
207 1841 393 1918 magistratus
408 1840 437 1899 in
451 1839 544 1918 pluris
557 1857 649 1901 annos
664 1839 824 1914 ordinavit,
839 1838 942 1899 decem
955 1838 1101 1918 praetoris

59 1945 84 1988 ao
94 1926 165 1985 viris
181 1924 344 1984 consularia
361 1933 528 1984 ornamenta
542 1923 656 2001 tribuit,
673 1924 791 1984 civitate
808 1922 948 2000 donatos,
969 1929 1000 1983 et
1013 1937 1100 2000 quos·

93 2009 159 2070 dam
173 2026 189 2066 e
205 2005 411 2087 semibarbaris
425 2005 587 2084 Gallorum,
609 2008 723 2087 recepit
738 2008 767 2066 in
783 2009 899 2068 curiam.
943 2007 1100 2068 Praeterea

92 2099 229 2152 monetae
248 2089 433 2170 publicisque
455 2090 649 2168 vectigalibus
669 2091 835 2171 peculiares
854 2108 959 2152 servos
973 2107 1099 2171 praepo·

93 2177 161 2237 suit.
198 2175 294 2236 Trium
308 2174 471 2251 legionum,
485 2191 557 2252 quas
570 2174 774 2236 Alexandreae
789 2174 987 2254 relinquebat,
1003 2192 1100 2235 curam

94 2269 124 2322 et
138 2261 290 2340 imperium
301 2259 397 2320 liuilni
411 2257 509 2319 liberti
522 2259 565 2318 sui
582 2258 657 2336 lilio,
673 2259 808 2320 exsoleto
825 2275 893 2334 suo,
907 2257 1099 2318 demandauit.

56 2345 158 2407 nsNec
181 2344 301 2404 minoris
325 2339 505 2423 inpotentiae
527 2360 619 2403 voces
643 2336 794 2423 propalam
817 2341 943 2418 edebat,
970 2350 1000 2400 ut
1019 2340 1142 2408 'litustt

93 2430 216 2509 Ampius
237 2426 353 2505 scribit,
380 2425 467 2489 Nihil
488 2445 557 2489 csse
575 2445 641 2488 corn
661 2426 837 2507 poblicum,
861 2425 1102 2505 appellationem

92 2514 186 2576 modo
210 2511 277 2574 sinc
300 2530 433 2592 corpore
459 2530 500 2574 oc
518 2513 631 2592 specie.
672 2511 793 2574 Solium
811 2510 950 2574 neccaro
967 2510 1098 2588 litteras,

93 2598 148 2680 poi
160 2597 347 2660 dictatorcm
362 2598 548 2676 deposuerit.
581 2596 704 2659 Debere
716 2597 854 2659 domines
870 2595 1100 2659 concionatos

92 2684 157 2745 iam
173 2682 258 2763 loqui
271 2700 388 2759 socom,
416 2699 456 2744 cc
472 2701 533 2763 pro
554 2681 673 2763 lepidos
686 2681 802 2743 babere
817 2699 898 2762 quac
911 2681 1005 2743 dicat.
1038 2681 1097 2742 Eo·

56 2785 83 2829 ao
93 2787 150 2849 que
165 2768 349 2844 arrogantiae
369 2783 546 2846 progressus
561 2775 623 2843 est,
645 2776 692 2844 ut,
713 2766 868 2846 haruspice
884 2767 977 2829 tristia
989 2775 1019 2826 et
1034 2767 1098 2826 sine

93 2851 184 2915 corde
197 2861 264 2912 exta
276 2850 420 2931 quondam
432 2853 593 2929 nuntiante,
607 2850 719 2930 futoro
732 2852 844 2912 diceret
859 2849 1009 2926 laetiora,
1030 2868 1099 2912 com

91 2937 182 3000 vellet
188 2961 203 3009 ,·
215 2955 272 2998 aec
284 2953 346 3016 pro
361 2941 478 2998 ostento
493 2935 680 3013 docendum,
695 2935 726 2997 si
736 2933 852 3014 pecudi
865 2953 921 3017 ccc
937 2933 1097 3013 defuisset.

156 3023 265 3083 Verum
286 3021 473 3101 praecipuam
492 3031 522 3082 et
536 3020 714 3083 exitiabilem
735 3020 790 3080 sibi
805 3020 940 3080 invidiam
958 3018 1026 3080 hinc
1040 3036 1097 3079 ma·
1106 3029 1142 3084 78

91 3109 170 3169 xime
183 3107 282 3168 movit.
312 3105 454 3167 Adeuntis
470 3124 502 3166 se
519 3123 583 3167 cum
594 3105 726 3185 plurimis
736 3103 1097 3182 honorificentissimisque

56 3192 222 3254 tsdecrctis
242 3192 397 3253 universos
416 3199 515 3273 patres
537 3191 723 3271 conscriptos
743 3190 849 3251 sedens
870 3207 925 3271 pro
948 3187 1023 3250 aede
1038 3189 1095 3250 Ve-

91 3279 173 3338 neris
188 3275 350 3340 Genetricis
373 3277 501 3356 excepit.
547 3275 666 3352 Quidam
685 3284 784 3356 putant
797 3283 940 3337 retentum
955 3292 971 3334 a
987 3270 1095 3334 Gorne-

92 3362 133 3423 lio
147 3360 257 3440 Balbo,
273 3378 336 3423 cnm
349 3369 505 3424 conaretur
518 3379 690 3440 assurgere:
707 3361 771 3439 alii,
784 3379 821 3422 ne
838 3368 969 3422 conatum
981 3357 1096 3439 quidem

92 3447 226 3528 omnino,
247 3444 300 3508 sed
320 3445 408 3509 etiam
428 3446 627 3510 admonentem
650 3445 749 3510 Gaium
768 3444 932 3508 Trebatium
955 3452 986 3506 ut
1001 3460 1095 3505 assur·
