2334 3870
402 189 506 238 orvus
527 188 718 238 aucusuus.
1022 186 1063 246 45

61 356 125 424 cta,
146 347 214 407 utin
227 363 301 408 nave
323 344 418 404 victor
438 347 663 423 pernoctaverit.
697 343 744 405 Ab
759 345 846 406 Actio
868 365 931 408 cum
950 350 1063 412 Samum

60 432 91 490 in
104 430 222 492 hiberna
238 449 271 493 se
288 429 471 507 recepisset,
494 428 622 491 turbatus
638 429 744 489 nuntiis
760 430 796 491 de
818 430 960 493 seditione
975 453 1061 514 prae-

61 517 117 575 mia
133 525 162 576 et
176 517 342 576 missionem
358 513 554 591 poscentium,
578 532 651 593 quos
672 517 802 576 exomni
822 533 941 577 numero
962 521 1048 580 conse

60 609 106 660 cta
129 603 253 661 victoria
271 596 452 658 Brundisium
468 600 673 676 praemiserat,
690 602 816 680 repetita
829 599 930 678 Italia,
953 610 1049 682 tempe

35 693 134 744 sstate
156 687 186 743 in
207 686 331 743 traiectu
352 681 397 740 bis
427 681 606 742 condictatus
633 685 740 761 (primo
763 687 838 745 inter
864 688 1063 764 promuntorio

57 768 259 844 Peloponnesi
274 774 359 845 atquc
372 764 526 842 Aetoliae,
548 782 648 825 rursus
670 769 748 827 circa
761 778 873 829 montes
890 768 1062 849 Ceraunios,

58 849 215 929 utrubique
236 858 321 930 parte
342 849 547 909 liburnicarum
570 848 719 927 demersa,
748 853 829 911 simul
849 855 926 932 eius,
956 857 1063 935 inqua

60 932 239 1011 vehebatur,
262 934 333 994 lusis
357 936 540 995 armamentis
561 943 591 994 et
612 932 812 1012 gubernaculo
837 935 983 1016 diffracto)
1006 957 1062 999 uec
1144 990 1149 996 r

58 1017 182 1097 amplius
199 1036 282 1098 quam
294 1027 407 1098 septem
426 1027 456 1077 et
470 1021 573 1096 viginti
588 1019 660 1095 dies,
677 1017 772 1079 donec
788 1018 932 1080 desideria
946 1022 1063 1082 militum

22 1102 275 1182 reordinarentur,
297 1103 440 1163 Brundisii
466 1111 676 1181 commoratus,
708 1103 799 1164 Asiae
822 1103 985 1186 Syriaeque
1008 1107 1062 1165 cir·

55 1188 133 1247 cuitu
148 1186 316 1267 Aegyptum
333 1189 405 1265 petit
419 1186 599 1270 obsessaque
616 1187 821 1266 Alexandrea,
845 1206 901 1267 quo
918 1190 1062 1250 Antonius

55 1290 120 1332 cum
138 1271 297 1351 Cleopatra
317 1272 507 1349 confugerat,
525 1273 610 1333 brevi
632 1277 740 1350 potitus
761 1284 816 1334 est.
851 1272 889 1333 Et
903 1274 1062 1336 Antonium

56 1355 190 1434 quidem,
209 1372 291 1414 seras
308 1353 489 1411 conditiones
500 1358 582 1430 pacis
597 1363 794 1432 temptantem,
811 1357 847 1416 ad
861 1370 982 1420 mortem
994 1359 1060 1420 ade·

57 1441 102 1515 git
118 1435 248 1514 viditque
261 1443 412 1493 mortuum.
448 1432 642 1512 Cleopatrae,
659 1455 742 1512 quam
757 1448 902 1498 servatam
915 1441 1061 1517 triumpho

22 1543 49 1584 rs
58 1536 241 1598 magnopere
264 1515 417 1596 cupiebat,
447 1518 532 1575 etiam
553 1515 666 1595 psyllos
689 1518 830 1594 admovit,
853 1523 900 1596 qui
920 1538 1063 1581 venenum

58 1623 93 1666 ac
115 1605 194 1663 virus
216 1609 396 1681 exugerent,
424 1600 500 1679 quod
522 1602 637 1680 perisse
657 1617 755 1660 morsu
772 1599 881 1677 aspidis
899 1601 1060 1680 putabatur.

56 1687 207 1750 Ambobus
225 1703 404 1749 communem
420 1686 588 1764 sepulturae
608 1684 749 1746 honorem
763 1683 861 1744 tribuit
876 1703 910 1746 ao
927 1685 1063 1747 tumulum

57 1773 92 1835 ab
113 1773 187 1852 ipsis
209 1772 373 1833 inchoatum
394 1772 497 1850 perlici
512 1773 603 1832 iussit.
640 1770 796 1830 Antonium
810 1772 958 1850 iuvenem,
974 1772 1061 1833 maio·

55 1875 117 1918 rem
132 1857 168 1917 de
193 1857 304 1917 duobus
325 1855 427 1917 Fulvia
443 1858 564 1934 genitis,
587 1855 742 1916 simulacro
757 1854 824 1915 Divi
844 1854 913 1935 Iuli,
933 1857 969 1918 ad
985 1855 1061 1937 quod

18 1967 47 2009 20
58 1951 126 2021 post
143 1942 246 2002 multas
262 1951 292 2001 et
307 1942 402 2000 irritas
417 1959 524 2021 preces
540 1941 722 2018 confugerat,
739 1939 889 2020 abreptum
903 1943 1059 2003 interemit.

54 2028 129 2088 Item
151 2025 373 2099 caesarionem,
398 2042 483 2102 quem
499 2043 536 2084 ex
553 2023 680 2086 Caesare
705 2023 863 2103 Cleopatra
885 2028 1060 2106 concepisse

54 2107 262 2192 praedicabat,
285 2116 443 2168 retractum
466 2125 482 2165 e
505 2108 576 2184 fuga
593 2108 738 2188 supplicio
762 2107 878 2169 adfecit.
918 2110 1060 2191 Reliquos

54 2195 174 2256 Antonii
194 2195 375 2272 reginaeque
389 2207 554 2263 communes
574 2192 684 2252 liberos
700 2212 757 2253 non
773 2211 859 2252 secus
877 2211 911 2252 ac
931 2196 1059 2254 necessi·

54 2279 156 2340 tudine·
169 2281 283 2338 iunctos
292 2276 347 2337 sibi
362 2285 393 2335 et
406 2277 592 2336 conservavit
608 2284 636 2335 et
649 2293 717 2336 mox
725 2295 779 2355 pro
794 2276 960 2336 conditione
968 2279 1059 2336 cuius-

17 2382 113 2444 2sque
130 2364 262 2423 sustinuit
277 2380 312 2422 ac
331 2362 414 2422 fouit.
443 2359 500 2419 Per
515 2359 590 2420 idern
612 2368 725 2440 tempus
744 2360 935 2421 conditorium
951 2369 981 2420 et
997 2377 1059 2420 cor·
1069 2370 1103 2426 18

55 2467 110 2529 pus
124 2448 223 2524 Magni
237 2445 415 2522 Alexandri,
447 2462 511 2505 oum
527 2445 671 2524 prolatum
687 2464 704 2504 e
725 2446 869 2527 penetrali
887 2445 1061 2505 subiecisset

54 2531 165 2609 oculis,
181 2549 291 2592 corona
310 2549 397 2591 aurea
415 2531 549 2609 imposita
568 2549 602 2590 ac
618 2529 738 2590 duribus
759 2532 887 2609 aspersis
903 2538 1059 2590 veneratus

54 2625 117 2694 est,
141 2617 363 2696 consultusque,
385 2633 450 2674 num
472 2623 502 2674 et
513 2615 711 2675 Ptolemaeum
726 2615 874 2694 inspicere
889 2614 993 2693 vellet,
1008 2633 1057 2675 re-

53 2720 121 2782 pom
134 2719 168 2762 se
182 2701 319 2762 noluisse
333 2703 371 2761 ait
385 2699 501 2777 uidere,
518 2718 580 2761 uon
593 2705 742 2761 mortuos.
768 2698 936 2778 Aegyptum
950 2701 979 2758 in
990 2717 1057 2779 pro-

18 2809 45 2852 so
56 2788 172 2848 vinciae
190 2787 311 2847 formam
328 2784 475 2845 redactam
489 2793 519 2844 ut
534 2785 709 2844 feraciorem
727 2784 957 2863 habilioremque
971 2802 1058 2844 anno·

54 2889 110 2932 nae
125 2870 244 2931 urbicae
260 2869 410 2947 redderet,
429 2869 525 2930 fossas
541 2872 650 2948 omnis,
666 2871 696 2928 in
712 2887 782 2948 quas
798 2868 882 2929 Nilus
899 2876 1059 2943 exaestuat,

55 2956 208 3017 oblimatas
237 2955 326 3032 longa
344 2962 489 3015 vetustate
510 2954 626 3015 militari
647 2972 740 3033 opere
763 2953 895 3013 detersit.
937 2952 1060 3030 Quoque

53 3042 196 3102 Actiacae
210 3040 352 3100 victoriae
370 3040 508 3100 memoria
527 3038 704 3100 celebratior
719 3047 749 3098 et
762 3041 790 3099 in
805 3047 954 3118 posterum
968 3044 1058 3113 esset,

53 3124 155 3185 urbem
169 3122 335 3203 Nicopolim
356 3122 431 3202 apud
452 3122 568 3183 Actium
586 3123 713 3184 condidit
733 3123 876 3202 ludosque
897 3123 956 3183 illic
978 3123 1057 3202 quin-

18 3208 216 3291 osquennales
239 3209 387 3270 constituit
407 3216 436 3268 et
450 3208 585 3287 ampliato
604 3218 707 3269 vetere
721 3207 867 3288 Apollinis
891 3207 1000 3287 templo
1015 3207 1057 3268 lo-

55 3312 120 3355 cum
147 3302 324 3372 castrorum,
354 3292 457 3372 quibus
485 3292 580 3353 iuerat
601 3311 685 3372 usus,
716 3302 885 3354 exornatum
907 3292 1057 3354 navalibus

54 3379 159 3460 spoliis
172 3377 307 3458 Neptuno
324 3397 358 3439 ao
373 3378 458 3439 lllarti
475 3379 668 3438 consecravit.

118 3463 265 3525 Tumultus
281 3463 406 3544 posthac
424 3472 454 3524 et
467 3481 564 3525 rerum
579 3481 717 3523 nouarum
739 3463 814 3516 'uitia
832 3462 1045 3522 coniuratione*
