2286 3862
89 214 150 275 214
167 225 198 276 c.
209 223 361 273 susuour
372 220 500 281 annuo
517 220 565 268 nu
578 220 663 268 vrun
680 216 864 269 cnusmtnr
877 217 953 266 nnn.
971 216 1038 268 vn.

90 401 174 463 quam
195 380 375 442 matrimonio
394 377 567 455 destinarat,
592 373 798 438 commendans
817 372 961 453 reliquias
979 390 1052 436 suns
1069 385 1098 436 st

89 469 265 528 memoriam.
292 461 437 542 Quidquid
450 460 553 522 deinde
567 461 756 542 epistularum
766 467 842 537 erat,
853 475 892 518 ue
901 460 948 519 eui
962 460 1095 539 periculo

90 562 138 613 aut
149 569 246 612 noxae
259 548 335 629 apud
347 549 489 608 victorem
498 545 614 624 forent,
628 544 834 607 concremavit.
870 541 983 605 Divisit
998 552 1030 605 ot
1043 564 1095 625 pe

48 638 188 697 ltounias
201 634 368 696 domesticis
391 650 429 691 ex
446 632 532 711 copia
550 632 707 712 praesenti.
738 628 837 709 Atque
855 630 898 688 ita
917 636 1033 709 putus
1047 631 1092 689 in·

88 730 243 799 tentusque
259 721 314 778 iam
326 718 427 794 morti,
443 716 561 777 tumultu
573 718 648 776 inter
664 731 761 777 moras
777 723 884 776 exorto
904 722 937 774 nt
953 730 1020 793 eos,
1037 714 1111 794 quis

89 803 243 867 discedere
256 810 285 863 et
297 801 377 862 abire
389 800 582 881 coeptabant,
601 800 710 880 corripi
728 800 811 878 qnasi
832 797 1008 859 desertores
1020 796 1087 858 deti·

88 891 210 968 neriqne
232 888 342 963 sensit,
370 883 552 947 Adiciomus
576 887 669 964 inquit
692 883 777 944 citae
797 888 829 943 et
849 882 936 945 tuso
958 883 1092 945 massa!

90 972 150 1054 (bis
161 973 235 1053 ipsis
246 970 425 1050 totidemque
437 969 554 1048 verbis)
571 971 719 1049 vetuitque
737 970 796 1028 rim
815 968 952 1047 cuiquam
970 967 1097 1043 deriget

88 1060 118 1118 in
129 1076 226 1118 serum
237 1074 330 1135 usque
343 1063 461 1136 patente
475 1053 620 1130 cubiculo,
635 1056 661 1114 si
673 1055 737 1134 quis
750 1051 830 1113 adire
842 1051 954 1130 vellat,
968 1059 1096 1133 potestn-

88 1151 146 1202 tem
159 1143 203 1201 sui
216 1139 359 1220 praebuit.
388 1138 458 1198 Post
466 1138 523 1198 hoc
538 1137 639 1198 sedata
649 1140 697 1198 siti
710 1135 829 1215 gelidae
846 1152 945 1215 aquic
964 1137 1125 1217 potionem

88 1226 208 1304 arripnit
221 1224 293 1283 duos
306 1224 450 1301 pugiones
462 1231 491 1282 et
506 1222 659 1303 explorata
670 1224 819 1301 utriusque
837 1222 918 1297 acie,
937 1238 1007 1282 cum
1026 1220 1097 1282 alte-

87 1325 150 1368 rum
168 1307 287 1388 pulvino
306 1306 498 1385 subdidisset,
523 1306 635 1368 foribus
655 1306 804 1387 adopertis
820 1306 971 1367 artissimo
993 1322 1095 1367 sumum

89 1393 208 1473 quievit.
242 1391 281 1452 Et
296 1392 374 1453 eirea
388 1392 484 1452 lucem
496 1391 608 1453 demum
625 1390 868 1472 expergefactus,
887 1406 948 1451 uno
962 1408 999 1451 se
1009 1392 1094 1451 traie-

89 1479 129 1539 oit
140 1479 199 1538 ictu
219 1477 294 1538 inira
312 1477 425 1538 laevam
442 1476 599 1558 papillam,
618 1474 904 1556 irrumpentibusque
916 1474 956 1536 ad
973 1474 1095 1555 prim-

89 1564 227 1640 gemitum
239 1562 324 1623 modo
341 1562 442 1623 celans
455 1562 541 1623 modo
554 1562 697 1639 detegens
710 1559 837 1640 plagam,
856 1560 1043 1621 exanimatus
1053 1567 1118 1620 ests

89 1655 119 1706 et
138 1647 276 1706 celeriter
295 1650 377 1728 (nam
397 1648 435 1706 ita
455 1644 664 1727 praeceperat)
685 1645 851 1721 tuucratus,
874 1644 1050 1705 tricensimo
1068 1652 1095 1704 st

89 1739 196 1791 octavo
210 1733 312 1791 aetatis
325 1748 400 1791 anuo
416 1740 445 1790 et
457 1732 667 1808 nonagensimo
679 1737 709 1789 et
725 1730 826 1808 quinto
837 1729 955 1809 imperii
970 1727 1032 1790 die.

46 1829 80 1883 aa
150 1813 243 1875 Tanto
257 1812 379 1874 Othonis
391 1816 485 1874 animo
497 1830 679 1893 nequaqnam
691 1831 799 1894 corpus
812 1822 861 1874 aut
876 1811 996 1874 babitus
1016 1830 1094 1875 com·

89 1900 169 1979 petit.
193 1897 296 1958 Fuisse
309 1899 385 1958 eninr
398 1906 427 1957 et
437 1898 569 1958 modicae
581 1908 707 1959 staturae
723 1907 753 1958 et
768 1897 844 1958 male
863 1897 988 1978 pedatus
1000 1916 1093 1961 sem·

87 1982 200 2059 busque
213 1980 350 2058 traditur,
369 1982 567 2044 munditiarum
585 2002 658 2044 vero
677 2001 771 2063 paene
789 1982 989 2061 muliebrium,
1007 1983 1122 2049 vulsos

88 2082 226 2144 corpore,
247 2064 410 2143 galericulo
424 2069 513 2147 capiti
524 2078 645 2149 propter
667 2069 814 2130 raritatem
833 2067 1010 2148 capillorum
1028 2068 1093 2129 ada-

88 2157 167 2229 ptato
181 2158 210 2209 et
223 2150 352 2230 adnexo,
369 2161 399 2212 ut
414 2171 500 2214 nemo
519 2153 701 2223 dinosceret;
721 2154 789 2232 quin
810 2162 840 2212 et
855 2152 963 2213 faciem
985 2151 1094 2213 cotidie

86 2235 209 2294 rasitare
222 2253 257 2296 ac
276 2253 352 2316 pane
371 2237 484 2297 madido
504 2239 596 2299 linere
616 2245 804 2314 consuetum,
824 2237 914 2316 idque
930 2237 1093 2299 instituisse

87 2337 103 2379 a
118 2321 210 2398 prima
223 2320 371 2399 lanugine,
384 2341 420 2382 ne
433 2321 571 2383 barbatus
583 2340 715 2401 umquam
727 2331 821 2393 esset;
842 2339 927 2383 saera
939 2322 1030 2383 etiam
1040 2320 1092 2383 lsi·

86 2403 130 2463 dis
143 2423 234 2484 saepe
255 2407 283 2464 in
303 2405 393 2486 lintea
410 2406 611 2485 religiosaque
629 2416 714 2466 veste
732 2407 885 2487 propalam
906 2405 1121 2467 celebrasse-ss

85 2487 142 2548 Per
155 2488 348 2567 quaerentum
362 2500 475 2570 putem,
492 2501 523 2551 ut
539 2509 617 2552 mors
629 2493 693 2551 eius
706 2491 821 2551 minime
833 2508 1003 2568 congruens
1013 2491 1092 2552 vitae

85 2572 194 2631 maiore
211 2573 351 2634 miraculo
368 2575 465 2636 luerit.
497 2575 578 2636 Multi
597 2577 792 2656 praesentium
810 2575 929 2637 militum
947 2592 1014 2636 oum
1030 2575 1091 2656 plu·

86 2655 158 2713 rimo
172 2655 241 2716 lietu
250 2675 350 2716 manus
364 2676 399 2719 ac
412 2659 503 2739 pedes
514 2660 636 2721 iacentis
649 2660 831 2737 exosculati,
844 2660 1036 2722 fortissimum
1050 2661 1091 2719 vi·

85 2756 157 2814 rum,
169 2741 284 2798 unicum
297 2742 502 2821 imperatorem
510 2743 725 2825 praedicantes,
737 2743 844 2805 ibidem
854 2745 1090 2825 statimnecpro·

87 2821 132 2881 cul
144 2840 160 2882 a
172 2840 248 2899 rogo
259 2826 317 2884 vim
329 2830 486 2889 suaevitae
507 2828 677 2898 attulerunt;
697 2828 777 2888 multi
794 2837 822 2889 et
840 2829 1021 2907 absentium,
1044 2847 1121 2895 acto

85 2916 172 2985 cepto
186 2910 295 2987 nuntio,
309 2929 379 2991 prae
392 2911 494 2974 dolore
504 2915 590 2974 armis
601 2915 677 2973 inter
688 2931 720 2972 se
732 2912 769 2972 ad
779 2913 1011 2974 internecionem
1021 2930 1089 2975 eon-

85 3001 244 3052 currerunt.
278 2993 412 3076 Denique
432 3015 537 3076 magna
553 3016 622 3077 pars
641 2997 804 3075 bominum,
827 2997 1003 3059 incolumem
1023 3016 1089 3078 gra·

83 3077 201 3136 vissime
214 3075 373 3157 detestata,
394 3091 535 3144 mortuum
553 3081 686 3143 laudibus
697 3081 779 3159 tulit,
799 3090 831 3142 ut
845 3081 937 3159 vulgo
954 3083 1091 3146 laentum

84 3161 119 3218 sit
139 3162 240 3237 etiam,
270 3162 389 3225 Galbam
411 3166 501 3228 abeo
522 3185 580 3227 non
602 3176 659 3226 tam
677 3165 839 3227 dominandi
856 3184 943 3246 mam
953 3169 999 3229 rei
1013 3187 1044 3250 p.
1055 3185 1091 3230 ao

83 3241 223 3304 libertatis
235 3250 433 3312 restituendae
446 3269 533 3312 causa
546 3253 758 3332 interemptum.
1090 3266 1115 3311 tt

470 3509 697 3523 *—
