2334 3870
438 209 467 257 o.
487 208 672 258 onnrcocn.
998 199 1057 261 133

57 385 141 446 quem
173 375 250 429 metu
281 383 458 427 venenorum
491 365 663 444 praemuniri
688 362 902 425 medicamentis
928 367 1057 446 suspica·

57 451 155 512 batur:
178 448 357 513 Antidotum
383 450 473 529 inquit
497 449 649 511 odomsns
673 447 865 511 Gaesarem?
905 450 1058 530 Relegatis

58 534 209 596 sororibus
225 555 288 599 non
303 535 402 596 colum
415 533 537 595 inanior
551 533 668 596 babere
680 552 731 612 ae,
758 533 816 594 aed
829 533 922 595 etiom
934 534 1060 614 plodios

56 618 225 682 minabatur.
268 618 448 680 Praetorium
469 620 558 679 virum
581 637 618 680 ex
639 637 761 680 secessu
780 616 954 696 Anticyrae,
976 636 1059 698 quam

31 724 43 763 ι
56 703 220 765 valitudinis
238 721 324 764 causa
338 704 479 782 petierat,
502 703 657 781 propagari
672 702 728 763 sibi
742 712 930 764 commeatum
943 704 1060 782 saepius

57 786 271 848 desiderantem
300 804 363 846 cum
396 785 562 847 mandasset
588 786 724 864 interimi,
766 786 884 866 adiecit,
913 803 1059 850 necesso·

56 871 138 930 riam
155 888 224 931 ecce
240 871 402 951 sanquinis
419 869 609 945 missionem,
638 872 688 931 cni
711 876 774 930 tom
787 870 840 932 din
854 890 916 934 non
925 872 1059 952 prodes·

56 961 105 1014 set
121 953 295 1015 elleborum.
340 955 461 1015 Decimo
487 971 602 1034 qnoque
623 953 669 1014 die
691 971 838 1014 numerum
855 956 1060 1035 puniendorum

56 1056 94 1098 ex
112 1038 241 1100 custodia
258 1038 462 1116 subscribens,
477 1038 630 1100 notionem
645 1056 680 1099 se
691 1055 832 1118 porqore
848 1038 972 1099 dicebat.
995 1040 1060 1102 (ial-

20 1140 44 1180 no
55 1122 91 1182 lis
110 1121 288 1202 Graecisque
315 1124 426 1203 aliquot
439 1139 495 1184 nuo
525 1132 656 1202 tempore
682 1122 891 1201 condemnatis,
915 1123 1061 1202 gloriaba-

53 1215 112 1283 tur,
140 1206 393 1289 Golioqroeciom
417 1226 451 1268 ce
477 1207 645 1289 aubeqiaae.
689 1207 755 1268 Non
781 1217 891 1269 temere
912 1209 940 1269 in
963 1213 1103 1288 quem-3⁰

54 1307 138 1369 quam
153 1293 207 1352 nisi
230 1293 341 1352 crebris
361 1302 392 1352 et
411 1293 525 1353 minutis
545 1293 650 1354 ictibus
672 1294 859 1354 animadverti
877 1312 981 1374 passus
1003 1302 1058 1371 est,

55 1383 199 1453 perpetuo
225 1384 354 1451 notoque
378 1375 434 1434 iam
453 1385 630 1452 praecepto:
653 1372 706 1435 Ito
717 1376 780 1453 feri
799 1383 833 1437 ot
849 1377 977 1438 nemori
990 1395 1058 1438 cen·

55 1458 133 1518 tiot'!
159 1456 261 1517 Punito
291 1472 500 1535 pererratam
525 1457 647 1515 nominis
674 1457 731 1516 alio
758 1476 948 1536 quamquem
974 1458 1061 1517 desti·

19 1548 202 1616 isnavenat,
224 1540 318 1619 ipsum
333 1555 449 1618 quoque
472 1539 552 1617 paria
572 1539 713 1597 meruisse
729 1537 808 1598 dixit.
854 1540 1009 1615 Tragioum
1029 1538 1061 1598 il·

56 1623 105 1683 lud
121 1622 242 1683 subinde
257 1622 397 1685 iactabat:

372 1711 497 1781 Oderint,
525 1713 588 1769 dnm
609 1714 745 1768 metuont!

56 1792 153 1869 Saepe
169 1792 197 1851 in
225 1801 345 1852 cunctos
373 1794 482 1872 pariter
503 1801 670 1870 senatores,
697 1800 728 1851 ut
754 1789 851 1852 Seiani
878 1789 1011 1866 clientis,
1033 1798 1064 1850 ut

55 1877 154 1936 matris
174 1894 208 1936 ao
224 1877 343 1937 fratrum
363 1896 478 1938 suorum
500 1876 662 1953 delatores,
693 1878 826 1936 invectus
852 1883 912 1950 est,
940 1873 1061 1952 prolatis

18 1981 45 2023 eo
55 1959 182 2037 libellis,
205 1977 278 2038 quos
301 1971 444 2023 crematos
461 1961 660 2039 simulaverat,
682 1960 861 2038 defensaque
877 1958 975 2020 l'iberi
998 1975 1061 2020 sae·

54 2045 126 2104 vitia
142 2046 224 2122 quasi
240 2047 421 2122 necessaria,
452 2063 515 2105 curn
536 2055 579 2106 tot
595 2044 810 2104 criminantibus
826 2043 998 2104 eredendum
1016 2061 1060 2104 es-

56 2137 110 2189 set.
154 2127 329 2207 Equestrem
357 2128 487 2188 ordinem
515 2138 545 2188 ut
574 2146 699 2189 scaenae
720 2126 904 2207 harenaeque
926 2127 1062 2188 devotum

55 2212 171 2274 assidue
188 2210 337 2289 proscidit.
370 2210 514 2273 'lulensns
534 2212 636 2272 turbae
658 2212 766 2272 faventi
785 2211 923 2272 adversus
941 2209 1063 2270 studium

56 2313 152 2373 suum,
185 2295 373 2358 exclamavit:
402 2295 525 2358 Utinam
537 2295 571 2355 P.
588 2295 626 2356 u.
641 2313 735 2356 onom
756 2296 904 2357 ceruicem
916 2292 1062 2355 bobmet!

19 2378 189 2458 atcumque
212 2380 355 2442 Tetrinius
379 2381 453 2442 latro
482 2378 695 2460 postularetur,
727 2387 757 2440 et
782 2380 835 2461 qni
856 2377 1062 2458 postularent,

60 2462 215 2526 Tetrinios
243 2482 311 2526 esse
334 2466 382 2526 ait.
425 2465 536 2538 Retiari
566 2465 682 2524 tunicati
712 2466 835 2543 quinque
858 2480 976 2523 numero
996 2477 1063 2538 gre·

56 2551 145 2627 gatim
171 2548 339 2611 dimicantes
365 2552 428 2611 sine
457 2549 613 2610 certamine
644 2547 704 2609 ullo
734 2549 852 2610 totidem
876 2543 1064 2607 secutoribus

57 2632 273 2694 succubuerant
279 2657 287 2704 ;
305 2652 370 2695 cum
386 2634 481 2696 occidi
497 2632 681 2710 iuberentur,
703 2652 776 2693 unns
790 2639 936 2710 resumpta
951 2630 1064 2691 fuscina

58 2735 159 2779 omnes
175 2719 305 2778 victores
328 2721 488 2781 interemit:
519 2718 594 2778 hanc
609 2727 639 2778 ut
654 2717 881 2778 crudelissimam
900 2714 1019 2776 caedem
1035 2720 1064 2774 et

19 2816 47 2859 ao
58 2801 178 2863 deflevit
197 2802 293 2863 edicto
317 2814 346 2865 et
367 2822 437 2883 eos,
468 2805 516 2883 qui
540 2812 676 2880 spectare
699 2803 914 2877 sustinuissent,
944 2813 1064 2859 execra-

55 2896 102 2947 tus
118 2895 173 2946 est.
219 2888 308 2962 Queri
324 2889 409 2949 etiam
429 2887 524 2969 palam
540 2887 576 2946 de
594 2886 757 2947 conditione
772 2895 934 2964 temporum
949 2897 1064 2944 suornm
1072 2887 1106 2942 31

56 2969 190 3048 solebat,
227 2970 305 3050 quod
330 2973 416 3033 nullis
452 2971 661 3032 calamitatibus
693 2970 817 3049 publicis
843 2969 1063 3046 insignirentur;

55 3053 182 3132 Augusti
212 3057 404 3135 principatum
432 3055 515 3116 clade
543 3056 685 3132 Variana,
715 3053 813 3115 'liberi
843 3055 924 3114 ruina
950 3057 1064 3129 specta·

58 3138 188 3200 culorum
204 3140 279 3218 apud
294 3139 419 3202 Fidenas
435 3139 651 3200 memorabilem
667 3139 789 3217 fectum,
819 3156 871 3200 suo
888 3136 1065 3198 oblivionem

23 3225 207 3284 nimminere
235 3227 432 3305 prosperitate
462 3240 572 3294 rerum;
603 3232 684 3302 atqui
716 3222 864 3285 *dentidem
887 3218 1065 3282 exercituum

58 3307 181 3385 caedes,
204 3307 322 3389 iamem,
344 3308 552 3390 pestilentiam,
574 3308 706 3369 incendia
750 3308 852 3370 'datum
868 3307 992 3384 aliquem
1007 3311 1068 3362 ter·

56 3409 108 3452 rae
132 3389 260 3472 optabat.

121 3473 254 3536 Animum
273 3494 387 3552 quoquo
411 3479 566 3538 remittenti
587 3476 714 3544 ludoque
750 3485 768 3528 ,ι
790 3475 883 3532 amitte
900 3473 992 3532 dedito
1017 3491 1100 3524 oon„
