2334 3870
110 178 149 240 32
195 189 224 239 o.
240 187 389 237 sunnonr
407 185 534 247 annau.
550 185 597 232 na
612 183 695 231 mnu
717 182 901 232 cuasarum
914 183 986 232 nro.
1002 185 1027 234 1.

109 353 195 423 geret
218 347 310 404 minus
331 342 462 405 familiari
484 341 563 401 vultu
584 340 764 418 respexisse.
805 338 895 420 quue
918 339 1030 402 factum
1052 345 1117 406 eius

109 439 188 490 tanto
204 426 412 489 intolerabilius
433 434 477 486 est
488 427 596 502 visum,
619 423 696 504 qnod
718 425 782 502 ipse
799 422 984 501 triumphanti
1002 436 1033 487 et
1048 429 1115 490 sub·

109 514 194 575 sellia
210 514 361 574 tribunicia
377 509 611 590 praetervehenti
631 508 685 568 sibi
701 526 786 568 unum
802 525 819 568 e
834 508 966 586 collegio
979 510 1114 574 Pontium

108 598 243 678 Aquilam
261 614 320 657 non
338 596 534 656 assurrexisse
558 593 632 655 adeo
650 592 813 670 indignatus
829 595 882 670 sit,
902 601 933 651 ut
948 595 1110 674 proclama-

108 686 197 744 verit:
223 683 339 760 Repete
361 698 433 760 erpo
453 697 474 740 a
492 697 540 738 me
553 676 669 758 Aquilo
691 695 755 737 rem
774 675 934 756 publicum
951 676 1130 746 tribuousts

108 776 138 827 et
159 785 215 827 nec
231 766 371 826 destiterit
395 782 449 843 per
469 764 622 824 continuos
646 763 707 823 dies
727 762 880 843 quicquam
903 763 1034 844 culquam
1053 766 1109 825 uisi

108 851 161 910 sub
183 851 359 930 exceptione
383 847 535 926 polliceri,
559 847 588 907 si
608 853 709 908 tomen
726 863 785 924 per
804 840 947 908 Pontium
966 844 1112 929 Aquilone

66 952 100 1011 79
110 934 239 996 licuerit.
273 934 389 994 Adiecit
402 931 439 993 ad
453 943 510 992 tam
526 933 667 1009 insignem
682 931 814 1010 despecti
830 939 948 991 senatus
965 941 1113 997 contume-

108 1019 176 1081 liam
197 1019 286 1079 multo
307 1017 489 1095 arrogantius
509 1017 625 1077 facturn.
662 1015 734 1076 Nam
757 1033 820 1075 curn
833 1016 862 1075 in
877 1017 1024 1077 sacrificio
1037 1018 1111 1079 bati-

107 1122 206 1164 narum
223 1111 389 1164 revertente
408 1118 445 1161 eo
460 1102 534 1159 inter
552 1099 721 1161 immodicas
736 1117 771 1160 ac
789 1118 882 1161 noras
898 1101 1000 1181 populi
1014 1101 1110 1163 acela·
1121 1128 1147 1168 ro

107 1191 248 1249 motiones
268 1186 381 1266 quidam
402 1203 419 1244 e
438 1183 520 1244 turba
536 1192 646 1245 statuae
667 1186 729 1244 eius
746 1201 885 1246 coronam
900 1185 1026 1247 lauream
1042 1204 1109 1246 can·

108 1271 174 1331 dida
192 1271 282 1331 fascia
303 1267 462 1349 praeligata
483 1269 676 1347 inposuisset,
699 1277 728 1329 ct
748 1269 853 1329 tribuni
876 1270 971 1348 plebis
985 1269 1107 1350 Epidius

106 1355 244 1417 llarullus
267 1353 474 1432 Caesetiusque
498 1353 604 1414 Flavus
627 1370 755 1414 coronae
782 1353 902 1415 fasciam
922 1354 1032 1416 detrahi
1054 1353 1106 1414 bo·

106 1441 267 1519 minemque
282 1439 347 1498 duci
367 1439 395 1496 in
417 1438 531 1498 vincula
546 1439 714 1508 iussissent;
737 1437 841 1499 dolens
858 1457 911 1500 seu
926 1457 1028 1520 parum
1041 1456 1108 1519 pro·

108 1542 196 1605 spere
209 1532 316 1585 motam
330 1524 413 1600 regni
428 1524 617 1602 mentionem,
640 1524 702 1583 sire
716 1532 746 1583 ut
759 1523 887 1602 ferebat,
909 1534 1041 1603 ereptam
1056 1523 1112 1584 sibi
1121 1549 1145 1590 15

60 1609 233 1688 ..nqloriam
244 1606 411 1682 recusandi,
426 1607 557 1668 tribunos
571 1610 701 1685 graviter
716 1607 875 1686 increpitos
889 1617 1038 1689 potestate
1052 1609 1109 1689 pri-

105 1693 193 1754 varit.
237 1692 339 1772 Neque
359 1708 396 1750 ex
420 1708 456 1751 eo
477 1692 620 1752 infamiam
639 1691 766 1753 affectati
783 1693 868 1753 etiarn
888 1694 964 1771 regii
986 1693 1110 1756 nominis

107 1776 252 1836 discutere
278 1775 379 1850 valuit,
408 1792 577 1854 quamquam
603 1784 632 1835 et
655 1774 753 1856 plebei
780 1794 882 1856 regem
905 1796 938 1839 se
964 1779 1109 1855 salutanti,

107 1858 277 1925 Caesarem
290 1876 340 1937 se,
357 1877 420 1920 oon
433 1877 535 1938 repens
551 1877 619 1919 esse
637 1861 836 1940 responderit,
857 1870 886 1922 et
898 1862 1110 1943 Lupercalibus

106 1964 161 2027 pro
181 1945 285 2007 rostris
306 1961 322 2004 a
345 1943 466 2004 consuls
485 1943 613 2004 Antonio
636 1943 779 2006 admotum
801 1947 920 2025 saepius
945 1948 1034 2026 capiti
1054 1963 1143 2010 suom

106 2029 235 2092 diadema
254 2028 416 2108 reppulerit
433 2037 519 2108 atque
538 2028 566 2087 in
583 2026 756 2108 Capitolium
769 2030 834 2091 Iovi
851 2029 966 2113 Optipro
980 2031 1109 2094 Maximo

106 2115 224 2176 miserit.
270 2113 344 2188 Quin
372 2115 457 2174 etiarn
486 2113 566 2175 varia
593 2114 668 2175 fama
696 2115 892 2194 percrebruit,
922 2116 1110 2194 migraturum

107 2198 320 2262 Alexandream
342 2197 389 2258 vel
406 2197 501 2276 llium,
522 2198 667 2260 translatis
689 2199 771 2261 simul
793 2200 897 2279 opibus
920 2200 1034 2280 imperii
1056 2217 1108 2260 ex·

106 2285 265 2364 haustaque
279 2281 360 2345 ltalia
375 2281 527 2343 dilectibus
548 2291 577 2343 et
596 2285 800 2363 procuratione
820 2283 900 2345 urbis
921 2285 1021 2345 amicis
1039 2302 1107 2365 per-

106 2370 209 2448 missa,
226 2370 358 2448 proximo
373 2376 467 2428 autem
482 2377 582 2429 senatu
595 2369 712 2429 lucium
727 2368 839 2429 Cottam
853 2368 1142 2449 quindecimvirumas

107 2454 277 2517 sententiam
293 2452 448 2530 dicturum,
470 2462 513 2529 ut,
535 2454 668 2531 quoniam
688 2452 769 2513 libris
790 2453 926 2515 fatalibus
942 2455 1107 2516 continere·

104 2546 165 2615 tur,
186 2535 309 2596 Parthos
329 2536 384 2594 nisi
398 2553 415 2595 a
429 2553 501 2612 rege
518 2551 576 2594 non
590 2553 679 2614 posse
694 2538 783 2614 vlnci,
806 2535 916 2599 Caesar
929 2556 985 2599 rex
1004 2537 1107 2619 appel·

62 2620 97 2678 80
106 2619 222 2682 laretur.
254 2619 335 2692 Quae
351 2635 437 2678 causa
452 2620 607 2679 coniuratis
620 2620 779 2682 maturandi
793 2622 847 2683 fnit
858 2622 999 2684 destinata
1013 2639 1107 2700 nego·

104 2706 157 2779 tia,
173 2719 210 2760 ne
228 2701 360 2761 assentiri
373 2719 497 2763 necesse
514 2713 601 2764 esset.
717 2775 724 2785 .

170 2784 298 2845 (tonsilia
322 2785 424 2862 igitur,
452 2785 606 2867 dispersim
632 2798 716 2850 antea
739 2790 835 2853 habita
862 2800 893 2853 et
916 2811 991 2873 quae
1014 2811 1143 2875 saepem

104 2869 163 2931 bini
179 2868 290 2929 terniue
306 2878 458 2950 ceperant,
471 2873 499 2930 in
512 2890 596 2933 unum
609 2891 709 2935 omnes
725 2875 925 2955 contuleruut,
940 2895 979 2939 ne
992 2880 1107 2960 populo

105 2954 217 3035 quidem
242 2953 296 3012 iarn
321 2955 467 3032 praesenti
493 2964 567 3018 statu
591 2958 685 3036 laeto,
711 2961 763 3021 sed
786 2961 859 3023 clam
882 2961 1035 3044 palamque
1056 2963 1107 3026 de

104 3045 243 3101 trectante
259 3036 481 3100 dominationem
496 3050 581 3121 atque
598 3053 763 3105 assertores
777 3045 934 3125 flagitante.
970 3047 1106 3127 Peregri-

104 3126 149 3184 nis
169 3124 198 3182 in
215 3132 342 3183 senatum
363 3122 492 3204 allectis,
514 3126 630 3188 libellus
650 3131 820 3209 propositus
835 3138 895 3191 est:
915 3129 1037 3194 Bonum
1050 3131 1105 3212 fu·

104 3216 199 3268 ctum:
223 3207 349 3287 nequis
369 3210 509 3272 secutori
529 3213 745 3275 scaccarium
762 3220 939 3277 mmtrcre
961 3216 1054 3280 vetit!
1076 3226 1142 3283 etus

102 3290 152 3352 illa
166 3291 254 3369 vulgo
272 3290 461 3355 canebantur:

188 3380 279 3438 Gallos
298 3381 447 3439 Caesario
468 3385 633 3457 triumphum
653 3387 740 3458 ducit,
759 3386 829 3443 iden
849 3386 878 3443 t‘n
893 3390 1016 3448 'cumam

188 3461 260 3519 Gt'nf‘
276 3467 375 3508 bennun
394 3467 579 3516 donaque-oms
613 3474 692 3516 interna
708 3472 811 3516 statum·
830 3481 1018 3546 sumpserunt,
