2286 3862
410 187 513 235 arvus
534 187 724 238 sucusque.
1016 183 1054 243 73

57 344 109 420 ibi,
125 342 217 403 donec
230 342 345 402 residua
360 340 451 400 diurni
464 352 544 402 actus
560 351 608 401 ant
623 345 716 404 omnia
731 353 779 404 aut
791 364 829 405 ex
839 349 959 408 maxima
972 358 1055 427 parte

60 428 233 504 conficeret,
253 425 289 486 ad
312 425 428 484 multam
445 434 560 486 noctem
579 427 779 505 permanebat.
808 428 841 489 ln
861 431 967 491 lectum
987 433 1055 492 inde

59 521 273 588 transgressus,
290 527 347 568 non
364 508 484 586 amplius
499 510 726 589 cumplurimum
742 531 826 589 quam
840 523 953 591 septem
967 515 1055 576 boras

59 595 234 671 dormiebat,
255 613 290 653 ac
313 611 349 651 ne
371 610 422 651 eas
441 592 556 671 quidem
573 597 737 672 continuas,
760 598 813 656 sed
832 599 904 657 utin
919 597 1054 660 illotcm·

35 681 140 758 rporis
162 681 257 757 spatio
279 685 388 737 terant
407 686 508 755 quater
523 679 787 755 expergisceretur.
820 682 851 740 Si
865 682 1056 762 interruptum

56 781 187 823 somnum
210 763 396 839 reciperare,
419 769 449 819 ut
472 762 584 836 evenit,
608 778 665 820 non
686 773 802 841 posset,
826 765 989 826 lectoribus
1010 773 1058 826 aut

57 844 271 906 fabulatoribus
287 845 436 904 arcessitis
450 843 632 920 resumebat,
655 845 891 926 producebatque
906 850 982 910 ultra
999 851 1056 928 pri-

57 948 131 989 mam
154 947 245 1006 saepe
269 929 373 987 lucem.
413 927 478 988 Nec
501 930 530 987 in
553 927 681 988 tenebris
701 930 831 1006 vigilavit
849 951 980 1011 umquam
1001 933 1056 993 nisi

57 1013 203 1072 assidente
226 1013 334 1090 aliquo.
377 1012 514 1072 Matutina
536 1012 636 1088 vigilia
659 1013 872 1084 offendebatur3
902 1034 937 1075 ac
961 1018 990 1075 si·
1007 1016 1055 1076 vel

19 1097 146 1157 aoofficii
173 1096 219 1155 vel
244 1096 320 1155 sacri
345 1114 431 1155 causa
455 1097 593 1155 maturius
619 1096 814 1172 evigilandum
841 1108 936 1175 esset,
965 1117 1002 1158 ue
1029 1099 1057 1157 id

56 1189 156 1242 contra
179 1179 357 1239 commodum
378 1181 506 1255 iaceret,
530 1181 558 1238 in
580 1181 714 1257 proximo
737 1181 942 1259 cuiuscumque
960 1182 1075 1242 dome·

56 1267 193 1325 sticorum
219 1263 377 1324 caenaculo
405 1264 548 1323 manebat.
591 1263 639 1322 Sic
665 1282 782 1342 quoque
809 1282 899 1342 saepe
922 1265 1057 1343 indigens

57 1350 165 1423 somni,
195 1356 223 1405 et
250 1347 314 1406 dum
339 1366 393 1425 per
415 1348 498 1406 vicos
520 1346 723 1423 deportaretur
744 1357 772 1407 et
796 1347 928 1426 deposita
949 1350 1055 1409 lectica

57 1434 131 1491 inter
146 1431 258 1507 aliquas
274 1447 370 1489 moras
387 1429 614 1489 condormiebat.

23 1530 49 1570 1⁵
119 1514 224 1573 Forma
244 1514 296 1572 tuit
315 1514 418 1572 eximia
437 1521 466 1572 et
487 1531 540 1591 per
556 1530 655 1572 omnes
673 1515 775 1572 aetatis
790 1514 897 1590 gradus
916 1517 1100 1584 venustis-79

59 1602 143 1666 sima;
166 1615 335 1676 quamquam
357 1606 386 1656 et
408 1598 499 1657 omnis
521 1597 659 1656 lenocinii
684 1596 848 1673 neglegens
869 1606 897 1655 et
917 1598 1057 1676 incapite

59 1680 200 1742 comendo
221 1690 278 1740 tam
301 1682 480 1757 incuriosus,
505 1689 534 1739 ut
554 1681 657 1758 raptim
678 1679 874 1758 compluribus
892 1682 974 1740 simul
995 1690 1057 1741 ton·

58 1764 173 1825 sonibus
194 1782 313 1842 operam
337 1764 434 1840 daret,
458 1782 493 1824 ac
508 1764 594 1822 modo
610 1763 745 1823 tonderet
758 1764 844 1824 modo
863 1764 980 1824 raderet
992 1764 1057 1825 bar·

54 1851 136 1926 bam,
160 1866 254 1926 eoque
274 1849 339 1928 ipso
354 1857 487 1926 temporo
505 1857 552 1906 aut
567 1846 683 1922 legeret
697 1847 806 1923 aliquid
822 1856 869 1906 ant
886 1849 970 1906 etiam
986 1850 1057 1909 sori·

20 1934 150 1993 aoberet.
180 1931 268 1992 Vultu
287 1941 351 1991 erat
366 1933 414 1992 vel
435 1933 463 1990 in
479 1949 613 1991 sermone
630 1929 678 1990 vel
694 1933 798 1990 tacitus
814 1931 887 1990 adeo
901 1932 1058 2010 tranquillo
1091 1934 1094 1939 ’

58 2034 242 2093 serenoque,
263 2024 293 2074 ut
317 2015 431 2093 quidam
452 2034 468 2074 e
487 2013 661 2093 primoribus
677 2013 833 2075 Galliarum
852 2015 1005 2075 coufessus
1021 2016 1057 2076 sit

57 2104 133 2160 iuter
157 2117 244 2174 suos,
269 2116 305 2157 eo
329 2118 361 2158 se
385 2098 532 2158 inhibitum
552 2116 587 2157 ac
606 2097 794 2175 remollitum,
818 2115 875 2177 quo
900 2099 1005 2176 minus,
1026 2107 1058 2159 ut

59 2184 232 2258 destinarat,
260 2183 289 2240 in
317 2183 437 2242 transitu
459 2181 576 2260 Alpium
601 2199 656 2259 per
679 2182 887 2242 simulationem
909 2183 1057 2261 conloquii

59 2267 181 2347 propius
196 2265 346 2343 admissus,
362 2267 390 2324 in
406 2267 606 2344 praecipitium
623 2265 815 2344 propelleret.
837 2265 945 2325 Oculos
960 2266 1058 2326 habuit

22 2369 50 2409 ar
60 2351 157 2412 claros
186 2369 219 2411 ac
234 2350 364 2427 nitidos,
392 2349 496 2428 quibus
521 2350 606 2409 etiam
632 2349 790 2408 existimari
816 2349 934 2410 volebat
959 2352 1057 2410 inesse

59 2434 192 2515 quiddam
213 2434 299 2493 divini
314 2436 441 2512 vigoris,
464 2432 685 2511 gaudebatque,
709 2436 732 2491 si
747 2433 796 2511 qui
812 2432 865 2492 sibi
879 2436 974 2494 acrius
990 2452 1056 2494 con-

57 2520 147 2579 tuenti
166 2518 247 2595 quasi
272 2518 308 2578 ad
332 2518 478 2595 fulgorem
504 2518 575 2578 solis
600 2516 708 2576 vultum
730 2518 930 2586 summitteret;
957 2518 1058 2578 sedin

58 2612 176 2662 senecta
197 2603 313 2663 sinistro
333 2603 425 2663 minus
445 2602 529 2671 vidit;
552 2601 654 2661 dentes
668 2619 751 2661 raros
765 2610 794 2660 et
809 2603 932 2678 exiguos
949 2612 977 2661 et
994 2620 1057 2661 soa·

58 2688 142 2756 bros;
161 2687 296 2765 capillum
311 2686 415 2747 leviter
432 2687 567 2746 inflexum
583 2694 613 2745 et
626 2684 798 2754 subflavum3
817 2686 974 2764 supercilia
990 2703 1057 2746 con·

24 2784 49 2825 ao
59 2773 171 2840 iuncta;
187 2771 351 2831 mediocres
367 2789 468 2839 aures:
486 2789 586 2830 nasum
600 2778 629 2830 et
642 2787 659 2828 a
673 2788 782 2830 summo
799 2771 1016 2829 eminentiorem
1029 2778 1059 2828 et

60 2855 95 2914 ab
121 2857 177 2913 imo
201 2854 410 2924 deductionem
439 2855 569 2916 colorem
591 2855 666 2913 inter
687 2854 812 2932 aquilum
835 2853 1055 2930 candidumquo;

61 2946 196 2997 staturam
210 2938 347 3016 brevem,
363 2940 461 3019 (quam
476 2948 570 2999 tamen
584 2937 673 2998 lulius
686 2937 846 3012 Marathus,
863 2936 984 2997 libertus
999 2945 1028 2994 et
1041 2953 1058 2992 a

59 3023 197 3081 memoria
215 3023 292 3100 eius,
308 3025 432 3101 quinque
447 3022 552 3102 pedum
568 3031 597 3082 et
611 3021 759 3081 dodrantis
774 3021 864 3080 luisse
881 3019 983 3096 tradit)
1006 3016 1059 3076 scd

60 3124 134 3185 quae
157 3107 358 3166 commoditate
381 3116 409 3166 et
431 3108 576 3186 aequitate
598 3103 790 3165 membrorum
809 3103 1008 3176 occuleretur,
1027 3108 1058 3159 ut

23 3211 49 3251 on
59 3190 173 3250 nonnisi
188 3209 226 3250 ex
241 3192 458 3270 comparatione
471 3190 589 3251 astantis
602 3188 723 3247 alicuius
736 3187 914 3268 procerioris
926 3184 1056 3258 intellegi

80 3282 169 3334 osset.
244 3300 247 3305 ·

59 3294 77 3353 p
101 3355 234 3437 Corpore
259 3358 378 3419 traditur
404 3359 570 3430 maculoso,
597 3355 737 3433 dispersis
764 3373 817 3433 per
842 3359 945 3430 pectus
971 3359 1100 3428 atqueso

59 3441 153 3501 alvum
178 3442 322 3518 genetiuis
348 3441 426 3501 notis
452 3442 480 3498 in
506 3437 619 3498 modum
646 3446 675 3498 et
699 3437 827 3498 ordinem
854 3452 890 3493 ac
909 3451 1056 3494 numerum

6 3740 89 3808 Ee:
