2286 3862
303 529 345 611 o.
374 522 609 608 sonuum
632 519 981 610 romonum

151 699 271 803 DE
323 692 554 795 VITA
602 686 1116 795 CAESARUM

497 891 660 957 LIBER
674 890 769 955 VIII.

202 1069 346 1145 1>1vus
372 1064 708 1139 VESPASIANUS.
759 1063 905 1137 u1vus
925 1065 1083 1141 naua

476 1181 786 1256 DOMITIANUS

542 1378 730 1388 ——

440 1518 551 1574 uivus
573 1514 840 1573 tisefontis.

111 1693 128 1746 1
198 1678 372 1741 Rebellione
387 1679 469 1736 trium
487 1677 649 1754 principum
665 1684 693 1735 et
709 1674 799 1736 caede
812 1676 956 1737 incertum
968 1675 1020 1737 diu
1033 1688 1064 1739 et
1076 1698 1132 1759 qua·

140 1765 165 1825 si
184 1781 290 1839 vagum
315 1761 465 1838 imperium
495 1762 624 1838 suscepit
643 1762 824 1838 firmavitque
843 1759 961 1820 taudem
977 1780 1060 1840 gens
1079 1763 1132 1825 uu-

139 1850 202 1923 via,
224 1845 349 1904 obscura
363 1843 412 1903 illa
430 1842 544 1923 quidem
558 1862 593 1903 ao
617 1846 679 1903 sinc
701 1844 768 1904 ullis
791 1845 930 1904 maiorum
951 1847 1133 1925 Imaginibus,

140 1929 193 1991 sed
206 1938 300 1989 tamen
314 1928 398 2006 reip.
415 1945 596 2006 nequaquam
608 1926 795 2005 paenitenda;
816 1937 932 1989 constet
943 1929 1029 2009 licet,
1045 1931 1133 1994 Domi·

139 2016 245 2074 tiauum
264 2011 425 2091 cupiditatis
440 2031 474 2073 ac
490 2013 629 2072 saevitiae
646 2014 749 2072 merito
766 2030 878 2091 poenas
893 2012 995 2074 luisse.

203 2097 236 2158 Τ.
255 2096 372 2157 Flavius
388 2096 490 2175 Petro,
510 2097 661 2175 municeps
676 2096 828 2174 Reatinus,
853 2095 933 2157 bello
954 2097 1038 2160 civili
1059 2100 1133 2163 Pom·

140 2185 306 2264 peiauarum
321 2182 444 2259 partium
464 2181 593 2241 centurio
613 2198 647 2240 au
666 2189 823 2257 evocatus,
847 2181 980 2259 profugit
997 2201 1040 2245 ex
1055 2184 1134 2247 Phar·

139 2268 229 2328 salica
244 2267 308 2327 acie
324 2265 495 2344 domumque
511 2284 543 2324 se
565 2265 700 2341 contulit,
722 2266 770 2324 ubi
792 2264 896 2325 deiude
916 2267 1005 2328 sema
1029 2278 1062 2329 et
1076 2271 1134 2329 mis·

140 2355 223 2414 sioue
249 2353 402 2427 impetrata
432 2351 601 2409 coactiones
629 2351 809 2426 argentarias
839 2349 991 2410 factitavit.
1052 2352 1135 2415 Huius

140 2437 226 2510 filius,
243 2435 417 2509 cognomine
433 2433 573 2509 Sabinus,
591 2451 699 2510 expers
715 2433 832 2494 militiae
853 2434 924 2514 (etsi
940 2435 1063 2514 quidam
1079 2455 1135 2498 eum

139 2517 361 2596 primipilarem,
379 2516 524 2593 nonnulli,
541 2536 604 2577 curn
622 2516 716 2579 adbuc
737 2518 854 2579 ordines
876 2516 1016 2597 duceret,
1044 2540 1135 2584 sacra·

139 2610 236 2660 mento
252 2600 376 2659 solutum
393 2618 448 2677 per
460 2619 575 2661 causam
587 2600 750 2661 valitudiuis
763 2601 892 2681 tradunt)
906 2601 1061 2681 publicum
1073 2624 1135 2686 qua·

140 2684 323 2761 dragesimae
337 2685 365 2743 in
375 2684 452 2744 ‚Asia
469 2687 529 2762 egit
537 2709 544 2755 ;
560 2685 771 2764 manebantque
785 2687 925 2764 imagines
933 2704 959 2747 -a
973 2688 1136 2752 civitatibus

140 2770 165 2830 ci
178 2770 293 2848 positae
309 2768 362 2827 sub
377 2768 435 2828 boc
450 2769 547 2830 titulo:
564 2765 683 2840 Καλῶς
698 2761 933 2848 ostensionum.
951 2771 1065 2837 Postea
1079 2775 1134 2836 fae·

139 2872 192 2914 nus
210 2851 286 2932 apud
299 2852 451 2914 Helvetios
467 2855 599 2914 exercuit
615 2853 713 2933 ibique
728 2854 802 2915 diem
824 2854 910 2932 obiit,
927 2859 1135 2935 superstitibus

138 2956 230 2998 uxore
247 2938 393 3016 Vespasia
408 2936 491 2998 Polla
507 2946 536 2997 et
550 2936 662 2998 duobus
680 2957 717 2997 ex
733 2957 767 2998 ea
778 2939 889 3015 liberis,
907 2957 1033 3018 quorum
1047 2946 1136 3005 maior

139 3023 262 3083 Sabinus
277 3021 313 3080 ad
336 3022 548 3099 praefecturam
564 3022 659 3099 urbis,
679 3023 772 3082 minor
787 3024 985 3103 VespasIanus
1007 3026 1048 3088 ad
1063 3031 1136 3108 prin-

139 3108 262 3185 cipatum
275 3123 365 3184 usque
377 3107 533 3184 processit.
557 3106 649 3182 Polla,
662 3106 787 3167 Nursiae
798 3107 921 3167 honesto
932 3126 1051 3186 genere
1066 3122 1137 3188 ortu,

137 3199 248 3267 patrem
269 3188 367 3250 habuit
388 3191 561 3267 Vespasium
582 3189 762 3268 Pollionem,
786 3201 831 3253 ter
850 3191 994 3253 tribunum
1016 3197 1138 3258 militum

137 3276 376 3354 praefectumque
392 3283 565 3356 castrorum,
588 3275 706 3335 fratrem
726 3285 888 3336 senatorem
910 3282 1084 3356 praetoriae
1100 3281 1137 3342 di·

137 3358 262 3435 quitatis.
294 3358 389 3419 Locus
405 3359 494 3418 etiam
513 3359 550 3422 ad
572 3369 684 3420 sextum
705 3361 854 3421 miliarium
874 3360 1015 3423 aNursia
1034 3363 1139 3442 Spole·
