2334 3870
128 179 171 241 42
215 189 246 238 c.
262 185 413 238 suunoau
424 182 554 242 nasso.
568 182 617 229 nn
628 182 713 229 vrrs
727 179 914 228 csnsnnurr
924 180 998 229 uus.
1009 183 1050 232 11.

129 366 185 408 nae
203 344 354 424 provincia
371 359 388 401 e
403 338 533 400 Caesare
548 335 616 396 data
631 343 661 394 et
675 352 731 414 per
748 342 880 395 senatun
894 336 1070 401 condrusto
1087 359 1137 403 ex.

129 430 243 511 pellere
255 428 342 488 armis
351 427 502 485 niteretur.
531 418 722 480 Hortantibus
736 420 834 498 itaque
853 419 1003 482 nonnullis
1012 441 1136 502 percus·

128 532 213 576 sores
225 514 253 572 ei
264 510 448 584 subornarit,
465 524 501 566 ae
510 503 613 565 fraude
623 502 809 583 deprebensa
823 502 984 582 perieulum
992 506 1024 564 in
1037 510 1136 570 ricem

127 607 260 659 metuens
279 605 436 655 veteranos
450 590 533 650 sinrul
551 593 581 648 iu
601 606 682 648 suum
698 606 739 647 -ae
759 590 803 647 rei
823 605 854 666 p.
876 587 1009 650 amlln
1023 603 1133 670 quanta

129 684 223 763 potuit
245 680 399 756 largitione
424 676 584 743 contraxit;
616 675 768 751 iussusque
792 681 965 752 conparato
990 677 1152 737 exereituie

129 784 184 848 pro
203 773 340 844 praetore
357 777 499 841 praeesse
521 767 552 817 et
571 775 636 817 cunr
648 756 743 817 tirou
757 774 791 816 ee
808 754 920 835 Pausa,
936 759 988 838 qui
1000 759 1128 819 consula-

127 861 187 912 tu·
204 854 410 926 susceperant,
427 843 463 903 l).
480 843 569 903 Bruto
589 858 677 921 opero
694 840 789 918 ferre,
806 838 1010 903 denudatum
1026 841 1134 904 bobum

128 934 215 995 tertio
233 949 334 990 mense
354 929 482 989 confecit
504 925 615 986 duobus
637 924 769 1005 proeliis.
802 923 907 985 Priore
923 925 1071 988 Antonius
1093 929 1134 989 lu·

126 1020 209 1096 pisse
228 1033 292 1075 eum
310 1013 413 1074 scribit
425 1031 459 1073 ac
476 1013 539 1071 sine
555 1009 761 1088 paludamento
779 1027 916 1089 equoque
932 1019 1004 1090 post
1016 1010 1135 1073 biduum

126 1102 241 1162 dernutn
264 1099 452 1178 apparuisse,
475 1097 609 1174 sequenti
626 1096 697 1154 setis
721 1101 837 1153 constat
855 1111 913 1154 roe
927 1093 1015 1154 nodo
1035 1095 1131 1176 ducis,
1143 1117 1166 1160 rs

127 1185 180 1246 sed
198 1186 283 1244 etiarn
294 1182 391 1241 militis
403 1180 530 1239 funetuur
545 1196 664 1237 nrnnere
677 1185 763 1257 atque
780 1179 809 1237 in
826 1176 918 1238 medis
930 1176 1128 1258 dimicatione,

127 1267 279 1349 aquilifero
295 1266 422 1342 legionis
436 1281 506 1323 suae
521 1264 652 1341 graviter
668 1264 785 1341 saucio,
804 1260 924 1342 aquile!
936 1263 1043 1323 ueteris
1059 1264 1127 1322 sub·

85 1358 118 1412 tl
126 1355 185 1414 isse
196 1350 300 1430 diuque
310 1358 455 1429 portasse.
472 1347 537 1408 lioe
547 1347 627 1407 bello
639 1345 817 1406 eumllirtius
830 1344 1043 1424 inscidensa
1056 1365 1125 1427 pau-

125 1438 156 1498 lo
173 1443 242 1516 post
262 1453 301 1494 ex
313 1433 434 1494 vulnere
447 1433 606 1511 perissent,
631 1449 728 1492 rumor
743 1429 902 1492 increbruit
918 1429 1017 1493 mbos
1036 1449 1131 1512 opera

127 1522 191 1583 eius
219 1521 356 1595 occisos,
381 1526 409 1578 ut
430 1517 556 1578 Antonio
581 1517 697 1594 fugato,
725 1534 810 1595 rep.
837 1515 1004 1577 consulibus
1028 1516 1166 1582 orbatas

127 1604 208 1666 solus
226 1605 356 1664 victores
371 1604 518 1662 exereitus
538 1608 707 1679 occuparet.
735 1599 847 1660 Pansae
862 1599 980 1680 quiden
993 1600 1068 1662 adeo
1085 1620 1131 1662 su·

127 1695 231 1768 specta
245 1705 324 1747 mors
339 1687 408 1762 fuit,
427 1695 458 1745 ut
476 1685 568 1759 Glyco
585 1684 713 1744 medicus
730 1683 892 1745 custoditus
906 1687 959 1762 sit,
980 1687 1063 1766 quasi
1079 1702 1131 1745 re·

126 1787 230 1831 neunrn
253 1771 366 1829 vulneri
387 1767 546 1829 indidisset.
581 1767 680 1828 Adicit
705 1767 750 1828 bis
769 1768 904 1848 Aquilius
922 1768 1034 1848 Niger,
1061 1769 1131 1830 alte

126 1872 188 1916 rurn
211 1871 229 1912 e
254 1851 422 1913 consulibus
446 1851 568 1911 Hirtium
584 1854 613 1911 in
631 1870 747 1931 pugnae
766 1853 886 1913 tumultu
903 1853 1023 1934 abipso
1041 1855 1131 1914 inter·

86 1945 260 2018 qqemptum.
293 1933 352 1995 Sed
367 1944 397 1995 ut
409 1937 548 2013 cognovit
560 1935 716 1997 Antonium
730 1945 799 2016 post
812 1937 912 2016 lugani
928 1937 999 2000 al.
1016 1938 1130 2019 Lepido
1139 1963 1163 2005 oo

125 2029 277 2100 receptum
298 2029 473 2100 ceterosque
492 2019 581 2081 duces
597 2029 628 2082 et
648 2024 796 2082 exereitus
811 2025 978 2084 consentire
992 2040 1049 2104 pro
1063 2040 1130 2104 par-

125 2106 219 2182 tibus,
236 2123 352 2166 causam
367 2106 544 2185 optimatium
558 2107 620 2166 sine
634 2109 818 2167 cunctatione
833 2105 979 2185 deseruit,
993 2107 1032 2169 ad
1043 2125 1130 2188 prae·

125 2197 235 2253 textum
248 2199 373 2252 mutatae
384 2189 540 2251 voluntatis
552 2189 629 2252 diota
640 2191 775 2271 factaque
787 2190 965 2272 quorundam
974 2191 1129 2254 calunnia

125 2284 190 2353 tus,
206 2277 288 2357 quasi
302 2275 350 2336 alii
364 2294 396 2336 se
412 2293 548 2355 puerum,
564 2276 612 2337 alii
628 2276 784 2337 ornandum
798 2274 1016 2357 tollendumque
1024 2278 1129 2338 iactas·

93 2416 111 2431 ,.
126 2369 208 2439 sent,
223 2380 260 2423 ne
275 2370 323 2422 aut
338 2360 393 2421 sibi
408 2369 455 2421 out
469 2363 616 2421 veteranis
636 2378 691 2439 par
704 2362 799 2439 gratia
813 2359 985 2422 referretur.
1015 2360 1056 2422 ttr
1070 2378 1162 2442 quoae

7 2498 32 2513 ,,
124 2447 218 2522 magis
251 2446 455 2525 paenitentiam
488 2447 594 2524 prioris
628 2454 729 2505 sectae
756 2443 952 2525 approbaret,
985 2444 1130 2508 Nusinos

124 2528 227 2606 grandi
243 2530 365 2606 pecunia
381 2538 411 2588 et
424 2546 508 2608 quanr
524 2527 654 2607 pendere
667 2529 822 2610 nequirent
840 2529 978 2591 multatos
992 2539 1129 2593 extorres

125 2611 235 2689 oppido
251 2613 323 2688 egit,
337 2611 646 2690 quodllutinensiaeie
658 2614 895 2691 interemptorum
906 2616 1012 2676 civium
1018 2615 1129 2676 tunulo

125 2693 243 2775 publice
262 2704 395 2755 extructo
411 2696 623 2773 ascripserant,
638 2714 693 2776 pro
713 2695 850 2759 libertate
871 2715 925 2759 eos
940 2699 1128 2763 occubuisse.

84 2800 119 2857 13
188 2777 261 2839 lnita
276 2797 340 2839 curn
353 2780 481 2840 Antonio
497 2788 526 2839 et
538 2780 649 2859 Lepido
671 2782 831 2860 societate,
850 2781 1041 2864 Philippense
1055 2801 1162 2865 quo-so

126 2881 182 2944 que
200 2861 324 2941 bellum,
346 2881 515 2944 quamquam
529 2864 671 2925 invalidus
687 2873 773 2945 atque
787 2885 895 2946 aeger,
915 2867 1026 2948 duplici
1040 2886 1128 2948 proe-

125 2948 164 3009 lio
185 2950 342 3026 transegit,
371 2967 491 3029 quorum
511 2951 611 3028 priore
635 2953 739 3010 easuis
763 2961 866 3012 exutus
892 2953 940 3014 rix
961 2951 998 3015 ad
1018 2952 1129 3015 Antoni

127 3049 215 3095 cornu
236 3032 306 3109 fuga
327 3042 473 3094 evaserat.
512 3033 577 3095 Nec
597 3053 766 3096 successum
794 3038 937 3098 victoriae
958 3036 1128 3099 moderatus

126 3127 185 3195 est,
201 3116 253 3177 sed
270 3119 366 3197 capite
381 3117 459 3178 Bruti
470 3119 591 3180 Romam
605 3121 709 3198 misso,
729 3130 761 3181 ut
780 3130 893 3183 statuae
907 3119 1045 3184 Caesaris
1058 3121 1127 3184 sub·

124 3203 266 3281 iceretur,
284 3204 312 3262 in
327 3202 585 3282 splendidissimum
599 3221 743 3285 *remque
755 3208 901 3286 eaptirunr
913 3224 972 3267 non
983 3209 1048 3268 sine
1058 3224 1125 3269 rer·
1135 3219 1160 3263 rs

124 3285 224 3346 borum
245 3287 408 3347 cormonte
446 3325 460 3332 --
498 3310 518 3336 -ι
585 3323 592 3336 -
645 3289 749 3350 -...ιίοιιι
769 3293 817 3349 uni
837 3290 1012 3369 suppliciter
1025 3290 1125 3373 sepul·

126 3379 204 3429 torar·
237 3381 366 3433 precari·
477 3403 574 3420 --··-
619 3383 721 3419 ..ntem
761 3375 825 3434 font
843 3374 937 3436 istaut
962 3374 1126 3438 oolrsoerrut

133 3452 186 3498 ’τινι
226 3462 382 3506 oleorum,
443 3480 499 3504 ..ι
577 3495 595 3504 ..
685 3491 693 3499 .
735 3458 812 3502 flium
839 3476 896 3519 ravo
915 3461 976 3520 vit·
989 3461 1125 3540 mmm
