<?xml version="1.0" encoding="UTF-8"?>
<!DOCTYPE html PUBLIC "-//W3C//DTD XHTML 1.0 Transitional//EN"
    "http://www.w3.org/TR/xhtml1/DTD/xhtml1-transitional.dtd">
<html xmlns="http://www.w3.org/1999/xhtml" xml:lang="en" lang="en">
 <head>
  <title>
</title>
<meta http-equiv="Content-Type" content="text/html;charset=utf-8" />
  <meta name='ocr-system' content='tesseract 3.04.00' />
  <meta name='ocr-capabilities' content='ocr_page ocr_carea ocr_par ocr_line ocrx_word'/>
</head>
<body>
  <div class='ocr_page' id='page_1' title='image "./csuetonitranqui00trangoog_0382.png"; bbox 0 0 2286 3862; ppageno 0'>
   <div class='ocr_carea' id='block_1_1' title="bbox 416 199 1065 262">
    <p class='ocr_par' dir='ltr' id='par_1_1' title="bbox 416 199 1065 262">
     <span class='ocr_line' id='line_1_1' title="bbox 416 199 1065 262; baseline 0.009 -7"><span class='ocrx_word' id='word_1_1' title='bbox 416 209 464 255; x_wconf 85' lang='lat' dir='ltr'><strong><em>nn</em></strong></span> <span class='ocrx_word' id='word_1_2' title='bbox 482 208 713 260; x_wconf 74' lang='lat' dir='ltr'><strong><em>sauromatas.</em></strong></span> <span class='ocrx_word' id='word_1_3' title='bbox 1006 199 1065 262; x_wconf 86' lang='lat'><strong><em>271</em></strong></span> 
     </span>
    </p>
   </div>
   <div class='ocr_carea' id='block_1_2' title="bbox 10 361 1102 2964">
    <p class='ocr_par' dir='ltr' id='par_1_2' title="bbox 39 361 1071 780">
     <span class='ocr_line' id='line_1_2' title="bbox 61 361 1068 442; baseline -0.001 -13"><span class='ocrx_word' id='word_1_4' title='bbox 61 367 226 442; x_wconf 82' lang='lat' dir='ltr'><strong><em>boaciaem,</em></strong></span> <span class='ocrx_word' id='word_1_5' title='bbox 243 361 299 425; x_wconf 85' lang='lat' dir='ltr'><strong><em>sed</em></strong></span> <span class='ocrx_word' id='word_1_6' title='bbox 311 363 446 425; x_wconf 85' lang='lat' dir='ltr'><strong><em>materia</em></strong></span> <span class='ocrx_word' id='word_1_7' title='bbox 457 361 567 441; x_wconf 69' lang='lat' dir='ltr'><strong><em>facilis</em></strong></span> <span class='ocrx_word' id='word_1_8' title='bbox 582 364 615 425; x_wconf 83' lang='lat' dir='ltr'><strong><em>ia</em></strong></span> <span class='ocrx_word' id='word_1_9' title='bbox 634 370 663 426; x_wconf 90' lang='lat' dir='ltr'><strong><em>te</em></strong></span> <span class='ocrx_word' id='word_1_10' title='bbox 680 371 709 427; x_wconf 85' lang='lat' dir='ltr'><strong><em>ct</em></strong></span> <span class='ocrx_word' id='word_1_11' title='bbox 722 365 753 426; x_wconf 85' lang='lat' dir='ltr'><strong><em>in</em></strong></span> <span class='ocrx_word' id='word_1_12' title='bbox 767 370 838 427; x_wconf 83' lang='lat' dir='ltr'><strong><em>taos</em></strong></span> <span class='ocrx_word' id='word_1_13' title='bbox 854 364 939 429; x_wconf 86' lang='lat' dir='ltr'><strong><em>dicto</em></strong></span> <span class='ocrx_word' id='word_1_14' title='bbox 954 365 1068 428; x_wconf 84' lang='lat' dir='ltr'><strong><em>dicere.</em></strong></span> 
     </span>
     <span class='ocr_line' id='line_1_3' title="bbox 61 446 1066 531; baseline -0.002 -19"><span class='ocrx_word' id='word_1_15' title='bbox 61 451 105 513; x_wconf 89' lang='lat' dir='ltr'><strong><em>At</em></strong></span> <span class='ocrx_word' id='word_1_16' title='bbox 120 457 236 531; x_wconf 82' lang='lat' dir='ltr'><strong><em>qocatc</em></strong></span> <span class='ocrx_word' id='word_1_17' title='bbox 252 466 370 509; x_wconf 86' lang='lat' dir='ltr'><strong><em>merces</em></strong></span> <span class='ocrx_word' id='word_1_18' title='bbox 386 447 504 509; x_wconf 85' lang='lat' dir='ltr'><strong><em>rbetcri</em></strong></span> <span class='ocrx_word' id='word_1_19' title='bbox 517 454 565 509; x_wconf 82' lang='lat' dir='ltr'><strong><em>cst</em></strong></span> <span class='ocrx_word' id='word_1_20' title='bbox 577 448 673 510; x_wconf 85' lang='lat' dir='ltr'><strong><em>dcte!</em></strong></span> <span class='ocrx_word' id='word_1_21' title='bbox 688 446 818 526; x_wconf 80' lang='lat' dir='ltr'><strong><em>Audite,</em></strong></span> <span class='ocrx_word' id='word_1_22' title='bbox 840 449 963 528; x_wconf 85' lang='lat' dir='ltr'><strong><em>cadite,</em></strong></span> <span class='ocrx_word' id='word_1_23' title='bbox 978 450 1013 510; x_wconf 92' lang='lat' dir='ltr'><strong><em>P.</em></strong></span> <span class='ocrx_word' id='word_1_24' title='bbox 1032 448 1066 510; x_wconf 86' lang='lat'><strong><em>0.</em></strong></span> 
     </span>
     <span class='ocr_line' id='line_1_4' title="bbox 63 531 1071 615; baseline 0 -20"><span class='ocrx_word' id='word_1_25' title='bbox 63 541 92 595; x_wconf 91' lang='lat' dir='ltr'><strong><em>et</em></strong></span> <span class='ocrx_word' id='word_1_26' title='bbox 108 533 282 615; x_wconf 74' lang='lat' dir='ltr'><strong><em>cognoscite</em></strong></span> <span class='ocrx_word' id='word_1_27' title='bbox 304 533 402 612; x_wconf 85' lang='lat' dir='ltr'><strong><em>reip.</em></strong></span> <span class='ocrx_word' id='word_1_28' title='bbox 426 531 565 593; x_wconf 74' lang='lat' dir='ltr'><strong><em>calamo.</em></strong></span> <span class='ocrx_word' id='word_1_29' title='bbox 602 531 673 595; x_wconf 86' lang='lat' dir='ltr'><strong><em>Doo</em></strong></span> <span class='ocrx_word' id='word_1_30' title='bbox 697 533 786 595; x_wconf 88' lang='lat' dir='ltr'><strong><em>milio</em></strong></span> <span class='ocrx_word' id='word_1_31' title='bbox 808 534 947 614; x_wconf 72' lang='lat' dir='ltr'><strong><em>iugerum</em></strong></span> <span class='ocrx_word' id='word_1_32' title='bbox 966 534 1071 612; x_wconf 83' lang='lat' dir='ltr'><strong><em>compi</em></strong></span> 
     </span>
     <span class='ocr_line' id='line_1_5' title="bbox 62 615 1066 698; baseline -0.001 -20"><span class='ocrx_word' id='word_1_33' title='bbox 62 618 203 680; x_wconf 78' lang='lat' dir='ltr'><strong><em>Leontini</em></strong></span> <span class='ocrx_word' id='word_1_34' title='bbox 222 615 297 677; x_wconf 81' lang='lat' dir='ltr'><strong><em>Sec.</em></strong></span> <span class='ocrx_word' id='word_1_35' title='bbox 316 615 426 677; x_wconf 79' lang='lat' dir='ltr'><strong><em>Clodio</em></strong></span> <span class='ocrx_word' id='word_1_36' title='bbox 446 615 565 677; x_wconf 86' lang='lat' dir='ltr'><strong><em>rbetori</em></strong></span> <span class='ocrx_word' id='word_1_37' title='bbox 582 617 755 697; x_wconf 75' lang='lat' dir='ltr'><strong><em>assignasti</em></strong></span> <span class='ocrx_word' id='word_1_38' title='bbox 772 617 936 698; x_wconf 81' lang='lat' dir='ltr'><strong><em>etquidem</em></strong></span> <span class='ocrx_word' id='word_1_39' title='bbox 961 618 1066 679; x_wconf 84' lang='lat' dir='ltr'><strong><em>imma-</em></strong></span> 
     </span>
     <span class='ocr_line' id='line_1_6' title="bbox 39 699 826 780; baseline 0.004 -21"><span class='ocrx_word' id='word_1_40' title='bbox 39 703 130 780; x_wconf 81' lang='lat' dir='ltr'><strong><em>caic,</em></strong></span> <span class='ocrx_word' id='word_1_41' title='bbox 146 709 180 763; x_wconf 87' lang='lat' dir='ltr'><strong><em>ot</em></strong></span> <span class='ocrx_word' id='word_1_42' title='bbox 194 706 282 762; x_wconf 84' lang='lat' dir='ltr'><strong><em>tacto</em></strong></span> <span class='ocrx_word' id='word_1_43' title='bbox 296 699 437 762; x_wconf 82' lang='lat' dir='ltr'><strong><em>mercede</em></strong></span> <span class='ocrx_word' id='word_1_44' title='bbox 451 699 529 761; x_wconf 80' lang='lat' dir='ltr'><strong><em>ctttt</em></strong></span> <span class='ocrx_word' id='word_1_45' title='bbox 543 717 656 779; x_wconf 78' lang='lat' dir='ltr'><strong><em>sapere</em></strong></span> <span class='ocrx_word' id='word_1_46' title='bbox 679 702 826 764; x_wconf 83' lang='lat' dir='ltr'><strong><em>disceres.</em></strong></span> 
     </span>
    </p>

    <p class='ocr_par' dir='ltr' id='par_1_3' title="bbox 60 783 1102 1116">
     <span class='ocr_line' id='line_1_7' title="bbox 125 783 1102 865; baseline 0 -20"><span class='ocrx_word' id='word_1_47' title='bbox 125 784 158 845; x_wconf 84' lang='lat' dir='ltr'><strong><em>(l.</em></strong></span> <span class='ocrx_word' id='word_1_48' title='bbox 180 784 322 845; x_wconf 78' lang='lat' dir='ltr'><strong>Albucius</strong></span> <span class='ocrx_word' id='word_1_49' title='bbox 344 784 436 861; x_wconf 90' lang='lat' dir='ltr'><strong><em>Silus,</em></strong></span> <span class='ocrx_word' id='word_1_50' title='bbox 458 783 663 862; x_wconf 87' lang='lat' dir='ltr'><strong><em>Novariensis,</em></strong></span> <span class='ocrx_word' id='word_1_51' title='bbox 692 805 755 847; x_wconf 93' lang='lat' dir='ltr'><strong><em>cum</em></strong></span> <span class='ocrx_word' id='word_1_52' title='bbox 769 785 916 848; x_wconf 76' lang='lat' dir='ltr'><strong><em>aedilitate</em></strong></span> <span class='ocrx_word' id='word_1_53' title='bbox 930 787 960 845; x_wconf 94' lang='lat' dir='ltr'><strong><em>in</em></strong></span> <span class='ocrx_word' id='word_1_54' title='bbox 975 787 1102 865; x_wconf 68' lang='lat' dir='ltr'><strong><em>patriai</em></strong></span> 
     </span>
     <span class='ocr_line' id='line_1_8' title="bbox 60 868 1067 949; baseline 0.001 -20"><span class='ocrx_word' id='word_1_55' title='bbox 60 871 245 947; x_wconf 84' lang='lat' dir='ltr'><strong><em>iungeretur,</em></strong></span> <span class='ocrx_word' id='word_1_56' title='bbox 264 887 326 931; x_wconf 91' lang='lat' dir='ltr'><strong><em>cum</em></strong></span> <span class='ocrx_word' id='word_1_57' title='bbox 340 870 417 929; x_wconf 85' lang='lat' dir='ltr'><strong><em>forte</em></strong></span> <span class='ocrx_word' id='word_1_58' title='bbox 432 871 476 929; x_wconf 92' lang='lat' dir='ltr'><strong><em>ius</em></strong></span> <span class='ocrx_word' id='word_1_59' title='bbox 492 868 622 944; x_wconf 93' lang='lat' dir='ltr'><strong><em>diceret,</em></strong></span> <span class='ocrx_word' id='word_1_60' title='bbox 638 868 673 930; x_wconf 94' lang='lat' dir='ltr'><strong><em>ab</em></strong></span> <span class='ocrx_word' id='word_1_61' title='bbox 687 871 723 929; x_wconf 94' lang='lat' dir='ltr'><strong><em>iis</em></strong></span> <span class='ocrx_word' id='word_1_62' title='bbox 739 880 839 931; x_wconf 88' lang='lat' dir='ltr'><strong><em>contra</em></strong></span> <span class='ocrx_word' id='word_1_63' title='bbox 856 887 929 949; x_wconf 91' lang='lat' dir='ltr'><strong><em>quos</em></strong></span> <span class='ocrx_word' id='word_1_64' title='bbox 942 887 1067 949; x_wconf 89' lang='lat' dir='ltr'><strong><em>pronun·</em></strong></span> 
     </span>
     <span class='ocr_line' id='line_1_9' title="bbox 60 951 1068 1032; baseline 0.001 -20"><span class='ocrx_word' id='word_1_65' title='bbox 60 953 150 1014; x_wconf 90' lang='lat' dir='ltr'><strong><em>tiabat</em></strong></span> <span class='ocrx_word' id='word_1_66' title='bbox 167 952 288 1032; x_wconf 91' lang='lat' dir='ltr'><strong><em>pedibus</em></strong></span> <span class='ocrx_word' id='word_1_67' title='bbox 305 971 321 1013; x_wconf 94' lang='lat' dir='ltr'><strong><em>e</em></strong></span> <span class='ocrx_word' id='word_1_68' title='bbox 337 952 471 1013; x_wconf 92' lang='lat' dir='ltr'><strong><em>tribunali</em></strong></span> <span class='ocrx_word' id='word_1_69' title='bbox 489 951 635 1014; x_wconf 91' lang='lat' dir='ltr'><strong><em>detractus</em></strong></span> <span class='ocrx_word' id='word_1_70' title='bbox 654 962 708 1013; x_wconf 88' lang='lat' dir='ltr'><strong><em>est.</em></strong></span> <span class='ocrx_word' id='word_1_71' title='bbox 735 954 820 1029; x_wconf 84' lang='lat' dir='ltr'><strong><em>Quod</em></strong></span> <span class='ocrx_word' id='word_1_72' title='bbox 834 953 951 1030; x_wconf 85' lang='lat' dir='ltr'><strong><em>indigae</em></strong></span> <span class='ocrx_word' id='word_1_73' title='bbox 960 954 1068 1030; x_wconf 84' lang='lat' dir='ltr'><strong><em>ferens,</em></strong></span> 
     </span>
     <span class='ocr_line' id='line_1_10' title="bbox 60 1036 1075 1116; baseline -0.002 -20"><span class='ocrx_word' id='word_1_74' title='bbox 60 1046 154 1098; x_wconf 79' lang='lat' dir='ltr'><strong><em>statum</em></strong></span> <span class='ocrx_word' id='word_1_75' title='bbox 171 1037 320 1097; x_wconf 91' lang='lat' dir='ltr'><strong><em>contendit</em></strong></span> <span class='ocrx_word' id='word_1_76' title='bbox 342 1036 377 1098; x_wconf 91' lang='lat' dir='ltr'><strong><em>ad</em></strong></span> <span class='ocrx_word' id='word_1_77' title='bbox 393 1045 504 1116; x_wconf 92' lang='lat' dir='ltr'><strong><em>portam</em></strong></span> <span class='ocrx_word' id='word_1_78' title='bbox 526 1045 556 1096; x_wconf 90' lang='lat' dir='ltr'><strong><em>et</em></strong></span> <span class='ocrx_word' id='word_1_79' title='bbox 570 1036 637 1097; x_wconf 89' lang='lat' dir='ltr'><strong><em>inde</em></strong></span> <span class='ocrx_word' id='word_1_80' title='bbox 661 1038 798 1115; x_wconf 84' lang='lat' dir='ltr'>Romam,</span> <span class='ocrx_word' id='word_1_81' title='bbox 820 1045 1019 1116; x_wconf 90' lang='lat' dir='ltr'><strong><em>receptusque</em></strong></span> <span class='ocrx_word' id='word_1_82' title='bbox 1040 1037 1075 1095; x_wconf 87' lang='lat' dir='ltr'><strong><em>in.</em></strong></span> 
     </span>
    </p>

    <p class='ocr_par' dir='ltr' id='par_1_4' title="bbox 23 1119 1073 1532">
     <span class='ocr_line' id='line_1_11' title="bbox 23 1119 1068 1199; baseline -0.002 -18"><span class='ocrx_word' id='word_1_83' title='bbox 23 1133 49 1174; x_wconf 83' lang='lat' dir='ltr'><strong><em>m</em></strong></span> <span class='ocrx_word' id='word_1_84' title='bbox 59 1121 158 1181; x_wconf 83' lang='lat' dir='ltr'>Planci</span> <span class='ocrx_word' id='word_1_85' title='bbox 174 1123 299 1181; x_wconf 89' lang='lat' dir='ltr'><strong><em>oratoris</em></strong></span> <span class='ocrx_word' id='word_1_86' title='bbox 311 1120 542 1197; x_wconf 91' lang='lat' dir='ltr'><strong><em>contubernium,</em></strong></span> <span class='ocrx_word' id='word_1_87' title='bbox 561 1123 606 1180; x_wconf 92' lang='lat' dir='ltr'><strong><em>cui</em></strong></span> <span class='ocrx_word' id='word_1_88' title='bbox 622 1120 818 1183; x_wconf 87' lang='lat' dir='ltr'><strong><em>declamatura</em></strong></span> <span class='ocrx_word' id='word_1_89' title='bbox 831 1127 895 1180; x_wconf 91' lang='lat' dir='ltr'><strong><em>mos</em></strong></span> <span class='ocrx_word' id='word_1_90' title='bbox 914 1129 977 1181; x_wconf 91' lang='lat' dir='ltr'><strong><em>erat</em></strong></span> <span class='ocrx_word' id='word_1_91' title='bbox 989 1119 1068 1199; x_wconf 90' lang='lat' dir='ltr'><strong><em>prius</em></strong></span> 
     </span>
     <span class='ocr_line' id='line_1_12' title="bbox 57 1205 1068 1285; baseline 0.002 -21"><span class='ocrx_word' id='word_1_92' title='bbox 57 1206 183 1284; x_wconf 85' lang='lat' dir='ltr'>aliquem</span> <span class='ocrx_word' id='word_1_93' title='bbox 199 1207 328 1284; x_wconf 87' lang='lat' dir='ltr'><strong><em>quiante</em></strong></span> <span class='ocrx_word' id='word_1_94' title='bbox 345 1205 455 1265; x_wconf 90' lang='lat' dir='ltr'><strong><em>diceret</em></strong></span> <span class='ocrx_word' id='word_1_95' title='bbox 468 1206 614 1283; x_wconf 85' lang='lat' dir='ltr'><strong><em>excitare,</em></strong></span> <span class='ocrx_word' id='word_1_96' title='bbox 631 1208 762 1285; x_wconf 75' lang='lat' dir='ltr'><strong><em>suscepit</em></strong></span> <span class='ocrx_word' id='word_1_97' title='bbox 778 1223 829 1267; x_wconf 91' lang='lat' dir='ltr'><strong><em>eas</em></strong></span> <span class='ocrx_word' id='word_1_98' title='bbox 846 1213 961 1285; x_wconf 91' lang='lat' dir='ltr'><strong><em>partes,</em></strong></span> <span class='ocrx_word' id='word_1_99' title='bbox 980 1212 1068 1285; x_wconf 88' lang='lat' dir='ltr'><strong><em>atque</em></strong></span> 
     </span>
     <span class='ocr_line' id='line_1_13' title="bbox 58 1288 1068 1368; baseline 0.001 -20"><span class='ocrx_word' id='word_1_100' title='bbox 58 1291 97 1348; x_wconf 91' lang='lat' dir='ltr'><strong><em>ita</em></strong></span> <span class='ocrx_word' id='word_1_101' title='bbox 118 1288 250 1366; x_wconf 87' lang='lat' dir='ltr'><strong><em>implevit</em></strong></span> <span class='ocrx_word' id='word_1_102' title='bbox 270 1297 301 1348; x_wconf 93' lang='lat' dir='ltr'><strong><em>ut</em></strong></span> <span class='ocrx_word' id='word_1_103' title='bbox 319 1288 427 1349; x_wconf 90' lang='lat' dir='ltr'><strong><em>Planco</em></strong></span> <span class='ocrx_word' id='word_1_104' title='bbox 452 1289 595 1349; x_wconf 92' lang='lat' dir='ltr'><strong><em>silentium</em></strong></span> <span class='ocrx_word' id='word_1_105' title='bbox 616 1291 797 1368; x_wconf 90' lang='lat' dir='ltr'><strong><em>imponeret,</em></strong></span> <span class='ocrx_word' id='word_1_106' title='bbox 820 1307 879 1349; x_wconf 91' lang='lat' dir='ltr'><strong><em>non</em></strong></span> <span class='ocrx_word' id='word_1_107' title='bbox 902 1289 1017 1350; x_wconf 89' lang='lat' dir='ltr'><strong><em>audenti</em></strong></span> <span class='ocrx_word' id='word_1_108' title='bbox 1039 1291 1068 1349; x_wconf 91' lang='lat' dir='ltr'><strong><em>in</em></strong></span> 
     </span>
     <span class='ocr_line' id='line_1_14' title="bbox 60 1371 1069 1451; baseline 0.001 -20"><span class='ocrx_word' id='word_1_109' title='bbox 60 1372 307 1451; x_wconf 81' lang='lat' dir='ltr'><strong><em>comparationem</em></strong></span> <span class='ocrx_word' id='word_1_110' title='bbox 323 1388 356 1429; x_wconf 91' lang='lat' dir='ltr'><strong><em>se</em></strong></span> <span class='ocrx_word' id='word_1_111' title='bbox 368 1371 528 1431; x_wconf 78' lang='lat' dir='ltr'><strong><em>demittere.</em></strong></span> <span class='ocrx_word' id='word_1_112' title='bbox 559 1371 617 1430; x_wconf 89' lang='lat' dir='ltr'><strong><em>Sed</em></strong></span> <span class='ocrx_word' id='word_1_113' title='bbox 630 1390 667 1431; x_wconf 86' lang='lat' dir='ltr'><strong><em>ex</em></strong></span> <span class='ocrx_word' id='word_1_114' title='bbox 677 1391 712 1433; x_wconf 93' lang='lat' dir='ltr'><strong><em>eo</em></strong></span> <span class='ocrx_word' id='word_1_115' title='bbox 727 1373 839 1448; x_wconf 91' lang='lat' dir='ltr'><strong><em>clarus,</em></strong></span> <span class='ocrx_word' id='word_1_116' title='bbox 855 1376 977 1451; x_wconf 89' lang='lat' dir='ltr'><strong><em>propria</em></strong></span> <span class='ocrx_word' id='word_1_117' title='bbox 989 1372 1069 1432; x_wconf 91' lang='lat' dir='ltr'><strong><em>audi·</em></strong></span> 
     </span>
     <span class='ocr_line' id='line_1_15' title="bbox 58 1453 1073 1532; baseline -0.004 -16"><span class='ocrx_word' id='word_1_118' title='bbox 58 1456 134 1516; x_wconf 89' lang='lat' dir='ltr'><strong><em>toria</em></strong></span> <span class='ocrx_word' id='word_1_119' title='bbox 154 1455 288 1530; x_wconf 86' lang='lat' dir='ltr'><strong><em>instituit,</em></strong></span> <span class='ocrx_word' id='word_1_120' title='bbox 306 1453 408 1514; x_wconf 91' lang='lat' dir='ltr'><strong><em>solitus</em></strong></span> <span class='ocrx_word' id='word_1_121' title='bbox 424 1455 577 1532; x_wconf 91' lang='lat' dir='ltr'><strong><em>proposita</em></strong></span> <span class='ocrx_word' id='word_1_122' title='bbox 594 1456 794 1515; x_wconf 84' lang='lat' dir='ltr'><strong><em>controversia</em></strong></span> <span class='ocrx_word' id='word_1_123' title='bbox 807 1454 913 1514; x_wconf 90' lang='lat' dir='ltr'><strong><em>sedens</em></strong></span> <span class='ocrx_word' id='word_1_124' title='bbox 925 1457 1073 1531; x_wconf 90' lang='lat' dir='ltr'><strong><em>incipere,</em></strong></span> 
     </span>
    </p>

    <p class='ocr_par' dir='ltr' id='par_1_5' title="bbox 10 1535 1070 2964">
     <span class='ocr_line' id='line_1_16' title="bbox 23 1535 1068 1617; baseline -0.001 -19"><span class='ocrx_word' id='word_1_125' title='bbox 23 1548 89 1600; x_wconf 59' lang='lat' dir='ltr'><strong><em>¹sset</em></strong></span> <span class='ocrx_word' id='word_1_126' title='bbox 110 1537 209 1599; x_wconf 91' lang='lat' dir='ltr'><strong><em>calore</em></strong></span> <span class='ocrx_word' id='word_1_127' title='bbox 231 1537 344 1597; x_wconf 91' lang='lat' dir='ltr'><strong><em>demum</em></strong></span> <span class='ocrx_word' id='word_1_128' title='bbox 366 1546 523 1616; x_wconf 84' lang='lat' dir='ltr'><strong><em>prouectus</em></strong></span> <span class='ocrx_word' id='word_1_129' title='bbox 540 1553 720 1614; x_wconf 82' lang='lat' dir='ltr'><strong><em>consurgere</em></strong></span> <span class='ocrx_word' id='word_1_130' title='bbox 743 1555 777 1597; x_wconf 88' lang='lat' dir='ltr'><strong><em>ac</em></strong></span> <span class='ocrx_word' id='word_1_131' title='bbox 792 1555 949 1617; x_wconf 89' lang='lat' dir='ltr'><strong><em>per-orare,</em></strong></span> <span class='ocrx_word' id='word_1_132' title='bbox 972 1535 1068 1597; x_wconf 91' lang='lat' dir='ltr'><strong><em>decla-</em></strong></span> 
     </span>
     <span class='ocr_line' id='line_1_17' title="bbox 58 1619 1068 1700; baseline -0.004 -16"><span class='ocrx_word' id='word_1_133' title='bbox 58 1641 138 1684; x_wconf 88' lang='lat' dir='ltr'><strong><em>mare</em></strong></span> <span class='ocrx_word' id='word_1_134' title='bbox 162 1630 255 1682; x_wconf 91' lang='lat' dir='ltr'><strong><em>autem</em></strong></span> <span class='ocrx_word' id='word_1_135' title='bbox 277 1639 387 1699; x_wconf 80' lang='lat' dir='ltr'><strong><em>genere</em></strong></span> <span class='ocrx_word' id='word_1_136' title='bbox 408 1623 507 1682; x_wconf 84' lang='lat' dir='ltr'><strong><em>vario:</em></strong></span> <span class='ocrx_word' id='word_1_137' title='bbox 530 1620 616 1681; x_wconf 91' lang='lat' dir='ltr'><strong><em>modo</em></strong></span> <span class='ocrx_word' id='word_1_138' title='bbox 639 1620 790 1700; x_wconf 89' lang='lat' dir='ltr'><strong><em>splendide</em></strong></span> <span class='ocrx_word' id='word_1_139' title='bbox 809 1630 895 1700; x_wconf 90' lang='lat' dir='ltr'><strong><em>atque</em></strong></span> <span class='ocrx_word' id='word_1_140' title='bbox 918 1619 1068 1698; x_wconf 90' lang='lat' dir='ltr'><strong><em>adornate,</em></strong></span> 
     </span>
     <span class='ocr_line' id='line_1_18' title="bbox 57 1704 1069 1785; baseline -0.003 -18"><span class='ocrx_word' id='word_1_141' title='bbox 57 1717 132 1784; x_wconf 92' lang='lat' dir='ltr'><strong><em>tum,</em></strong></span> <span class='ocrx_word' id='word_1_142' title='bbox 148 1724 293 1785; x_wconf 85' lang='lat' dir='ltr'><strong><em>acusque</em></strong></span> <span class='ocrx_word' id='word_1_143' title='bbox 312 1723 426 1785; x_wconf 85' lang='lat' dir='ltr'><strong><em>quaque</em></strong></span> <span class='ocrx_word' id='word_1_144' title='bbox 439 1704 633 1766; x_wconf 89' lang='lat' dir='ltr'><strong><em>scholasticus</em></strong></span> <span class='ocrx_word' id='word_1_145' title='bbox 649 1707 878 1781; x_wconf 75' lang='lat' dir='ltr'><strong><em>existimaretur,</em></strong></span> <span class='ocrx_word' id='word_1_146' title='bbox 896 1706 1069 1765; x_wconf 89' lang='lat' dir='ltr'><strong><em>circumcise</em></strong></span> 
     </span>
     <span class='ocr_line' id='line_1_19' title="bbox 58 1788 1069 1865; baseline -0.007 -12"><span class='ocrx_word' id='word_1_147' title='bbox 58 1811 93 1853; x_wconf 91' lang='lat' dir='ltr'><strong><em>ac</em></strong></span> <span class='ocrx_word' id='word_1_148' title='bbox 111 1791 228 1851; x_wconf 91' lang='lat' dir='ltr'><strong><em>sordide</em></strong></span> <span class='ocrx_word' id='word_1_149' title='bbox 248 1799 277 1850; x_wconf 91' lang='lat' dir='ltr'><strong><em>et</em></strong></span> <span class='ocrx_word' id='word_1_150' title='bbox 292 1800 400 1851; x_wconf 92' lang='lat' dir='ltr'><strong><em>tantum</em></strong></span> <span class='ocrx_word' id='word_1_151' title='bbox 415 1809 472 1851; x_wconf 92' lang='lat' dir='ltr'><strong><em>non</em></strong></span> <span class='ocrx_word' id='word_1_152' title='bbox 490 1789 651 1850; x_wconf 84' lang='lat' dir='ltr'><strong><em>trivialibus</em></strong></span> <span class='ocrx_word' id='word_1_153' title='bbox 667 1790 775 1850; x_wconf 85' lang='lat' dir='ltr'><strong><em>verbis.</em></strong></span> <span class='ocrx_word' id='word_1_154' title='bbox 814 1788 885 1865; x_wconf 84' lang='lat' dir='ltr'><strong><em>Egit</em></strong></span> <span class='ocrx_word' id='word_1_155' title='bbox 909 1797 938 1849; x_wconf 92' lang='lat' dir='ltr'><strong><em>et</em></strong></span> <span class='ocrx_word' id='word_1_156' title='bbox 954 1805 1069 1865; x_wconf 89' lang='lat' dir='ltr'><strong><em>causas,</em></strong></span> 
     </span>
     <span class='ocr_line' id='line_1_20' title="bbox 57 1871 1069 1954; baseline -0.004 -19"><span class='ocrx_word' id='word_1_157' title='bbox 57 1894 158 1936; x_wconf 89' lang='lat' dir='ltr'><strong><em>verum</em></strong></span> <span class='ocrx_word' id='word_1_158' title='bbox 173 1876 282 1952; x_wconf 89' lang='lat' dir='ltr'><strong><em>rarius,</em></strong></span> <span class='ocrx_word' id='word_1_159' title='bbox 299 1874 365 1935; x_wconf 94' lang='lat' dir='ltr'><strong><em>dum</em></strong></span> <span class='ocrx_word' id='word_1_160' title='bbox 379 1874 584 1954; x_wconf 84' lang='lat' dir='ltr'><strong><em>amplissimam</em></strong></span> <span class='ocrx_word' id='word_1_161' title='bbox 599 1892 742 1954; x_wconf 87' lang='lat' dir='ltr'><strong><em>quamque</em></strong></span> <span class='ocrx_word' id='word_1_162' title='bbox 754 1882 898 1951; x_wconf 89' lang='lat' dir='ltr'><strong><em>sectatur,</em></strong></span> <span class='ocrx_word' id='word_1_163' title='bbox 914 1891 970 1932; x_wconf 90' lang='lat' dir='ltr'><strong><em>nec</em></strong></span> <span class='ocrx_word' id='word_1_164' title='bbox 982 1871 1069 1933; x_wconf 92' lang='lat' dir='ltr'><strong><em>alium</em></strong></span> 
     </span>
     <span class='ocr_line' id='line_1_21' title="bbox 16 1957 1067 2036; baseline 0.002 -22"><span class='ocrx_word' id='word_1_165' title='bbox 16 1972 46 2014; x_wconf 81' lang='lat' dir='ltr'><strong><em>ao</em></strong></span> <span class='ocrx_word' id='word_1_166' title='bbox 58 1961 87 2020; x_wconf 94' lang='lat' dir='ltr'><strong><em>in</em></strong></span> <span class='ocrx_word' id='word_1_167' title='bbox 103 1959 162 2019; x_wconf 91' lang='lat' dir='ltr'><strong><em>ulla</em></strong></span> <span class='ocrx_word' id='word_1_168' title='bbox 176 1957 272 2018; x_wconf 93' lang='lat' dir='ltr'><strong><em>locum</em></strong></span> <span class='ocrx_word' id='word_1_169' title='bbox 290 1975 374 2036; x_wconf 88' lang='lat' dir='ltr'><strong><em>quam</em></strong></span> <span class='ocrx_word' id='word_1_170' title='bbox 395 1959 560 2036; x_wconf 90' lang='lat' dir='ltr'><strong><em>perorandi.</em></strong></span> <span class='ocrx_word' id='word_1_171' title='bbox 595 1959 702 2020; x_wconf 87' lang='lat' dir='ltr'><strong><em>Postea</em></strong></span> <span class='ocrx_word' id='word_1_172' title='bbox 723 1959 896 2019; x_wconf 89' lang='lat' dir='ltr'><strong><em>renuntiavit</em></strong></span> <span class='ocrx_word' id='word_1_173' title='bbox 917 1957 983 2017; x_wconf 88' lang='lat' dir='ltr'><strong><em>foro</em></strong></span> <span class='ocrx_word' id='word_1_174' title='bbox 1002 1973 1067 2036; x_wconf 92' lang='lat' dir='ltr'><strong><em>par·</em></strong></span> 
     </span>
     <span class='ocr_line' id='line_1_22' title="bbox 57 2040 1067 2122; baseline -0.003 -19"><span class='ocrx_word' id='word_1_175' title='bbox 57 2045 106 2103; x_wconf 92' lang='lat' dir='ltr'><strong><em>tim</em></strong></span> <span class='ocrx_word' id='word_1_176' title='bbox 123 2040 251 2121; x_wconf 88' lang='lat' dir='ltr'><strong><em>pudore,</em></strong></span> <span class='ocrx_word' id='word_1_177' title='bbox 269 2044 373 2120; x_wconf 92' lang='lat' dir='ltr'><strong><em>partim</em></strong></span> <span class='ocrx_word' id='word_1_178' title='bbox 382 2050 474 2111; x_wconf 88' lang='lat' dir='ltr'><strong><em>metu;</em></strong></span> <span class='ocrx_word' id='word_1_179' title='bbox 494 2060 559 2103; x_wconf 90' lang='lat' dir='ltr'><strong><em>nam</em></strong></span> <span class='ocrx_word' id='word_1_180' title='bbox 575 2061 638 2103; x_wconf 93' lang='lat' dir='ltr'><strong><em>cum</em></strong></span> <span class='ocrx_word' id='word_1_181' title='bbox 655 2045 683 2103; x_wconf 95' lang='lat' dir='ltr'><strong><em>in</em></strong></span> <span class='ocrx_word' id='word_1_182' title='bbox 701 2042 752 2103; x_wconf 91' lang='lat' dir='ltr'><strong><em>lite</em></strong></span> <span class='ocrx_word' id='word_1_183' title='bbox 774 2042 895 2122; x_wconf 90' lang='lat' dir='ltr'><strong><em>quadam</em></strong></span> <span class='ocrx_word' id='word_1_184' title='bbox 911 2041 1067 2101; x_wconf 87' lang='lat' dir='ltr'><strong><em>centumvi-</em></strong></span> 
     </span>
     <span class='ocr_line' id='line_1_23' title="bbox 56 2124 1069 2207; baseline -0.003 -20"><span class='ocrx_word' id='word_1_185' title='bbox 56 2127 127 2203; x_wconf 90' lang='lat' dir='ltr'><strong><em>rali,</em></strong></span> <span class='ocrx_word' id='word_1_186' title='bbox 144 2124 329 2203; x_wconf 89' lang='lat' dir='ltr'><strong><em>adversario,</em></strong></span> <span class='ocrx_word' id='word_1_187' title='bbox 353 2143 436 2204; x_wconf 90' lang='lat' dir='ltr'><strong><em>quem</em></strong></span> <span class='ocrx_word' id='word_1_188' title='bbox 457 2134 487 2185; x_wconf 96' lang='lat' dir='ltr'><strong><em>ut</em></strong></span> <span class='ocrx_word' id='word_1_189' title='bbox 502 2127 616 2205; x_wconf 91' lang='lat' dir='ltr'><strong><em>impium</em></strong></span> <span class='ocrx_word' id='word_1_190' title='bbox 641 2145 712 2204; x_wconf 87' lang='lat' dir='ltr'><strong><em>erga</em></strong></span> <span class='ocrx_word' id='word_1_191' title='bbox 731 2135 868 2207; x_wconf 89' lang='lat' dir='ltr'><strong><em>parentes</em></strong></span> <span class='ocrx_word' id='word_1_192' title='bbox 889 2125 1069 2203; x_wconf 82' lang='lat' dir='ltr'><strong><em>incessebat,</em></strong></span> 
     </span>
     <span class='ocr_line' id='line_1_24' title="bbox 56 2208 1066 2289; baseline -0.004 -18"><span class='ocrx_word' id='word_1_193' title='bbox 56 2210 262 2271; x_wconf 90' lang='lat' dir='ltr'><strong><em>iusiurandum</em></strong></span> <span class='ocrx_word' id='word_1_194' title='bbox 279 2211 360 2289; x_wconf 88' lang='lat' dir='ltr'><strong><em>quasi</em></strong></span> <span class='ocrx_word' id='word_1_195' title='bbox 378 2227 431 2288; x_wconf 91' lang='lat' dir='ltr'><strong><em>per</em></strong></span> <span class='ocrx_word' id='word_1_196' title='bbox 447 2211 567 2287; x_wconf 87' lang='lat' dir='ltr'><strong><em>liguram</em></strong></span> <span class='ocrx_word' id='word_1_197' title='bbox 583 2212 626 2270; x_wconf 91' lang='lat' dir='ltr'><strong><em>sic</em></strong></span> <span class='ocrx_word' id='word_1_198' title='bbox 648 2211 816 2289; x_wconf 86' lang='lat' dir='ltr'><strong><em>optulisset:</em></strong></span> <span class='ocrx_word' id='word_1_199' title='bbox 840 2208 919 2270; x_wconf 85' lang='lat' dir='ltr'><strong><em>lara</em></strong></span> <span class='ocrx_word' id='word_1_200' title='bbox 932 2226 991 2287; x_wconf 90' lang='lat' dir='ltr'><strong><em>per</em></strong></span> <span class='ocrx_word' id='word_1_201' title='bbox 1005 2224 1066 2288; x_wconf 87' lang='lat' dir='ltr'><strong><em>po-</em></strong></span> 
     </span>
     <span class='ocr_line' id='line_1_25' title="bbox 57 2293 1070 2374; baseline -0.003 -18"><span class='ocrx_word' id='word_1_202' title='bbox 57 2296 116 2357; x_wconf 88' lang='lat' dir='ltr'><strong><em>tris</em></strong></span> <span class='ocrx_word' id='word_1_203' title='bbox 143 2293 313 2374; x_wconf 78' lang='lat' dir='ltr'><strong><em>matrisque</em></strong></span> <span class='ocrx_word' id='word_1_204' title='bbox 340 2294 475 2370; x_wconf 80' lang='lat' dir='ltr'><strong><em>cineres,</em></strong></span> <span class='ocrx_word' id='word_1_205' title='bbox 503 2293 557 2373; x_wconf 81' lang='lat' dir='ltr'><strong><em>qai</em></strong></span> <span class='ocrx_word' id='word_1_206' title='bbox 574 2293 724 2356; x_wconf 74' lang='lat' dir='ltr'><strong><em>inconditi</em></strong></span> <span class='ocrx_word' id='word_1_207' title='bbox 751 2294 874 2356; x_wconf 84' lang='lat' dir='ltr'><strong><em>iaceat!</em></strong></span> <span class='ocrx_word' id='word_1_208' title='bbox 904 2302 933 2354; x_wconf 88' lang='lat' dir='ltr'><strong><em>et</em></strong></span> <span class='ocrx_word' id='word_1_209' title='bbox 958 2293 1013 2353; x_wconf 90' lang='lat' dir='ltr'><strong><em>alia</em></strong></span> <span class='ocrx_word' id='word_1_210' title='bbox 1040 2293 1070 2353; x_wconf 92' lang='lat' dir='ltr'><strong><em>in</em></strong></span> 
     </span>
     <span class='ocr_line' id='line_1_26' title="bbox 10 2377 1068 2457; baseline -0.003 -19"><span class='ocrx_word' id='word_1_211' title='bbox 10 2390 45 2432; x_wconf 82' lang='lat'><strong><em>2⁵</em></strong></span> <span class='ocrx_word' id='word_1_212' title='bbox 56 2380 132 2439; x_wconf 91' lang='lat' dir='ltr'><strong><em>hunc</em></strong></span> <span class='ocrx_word' id='word_1_213' title='bbox 144 2377 272 2453; x_wconf 92' lang='lat' dir='ltr'><strong><em>modum,</em></strong></span> <span class='ocrx_word' id='word_1_214' title='bbox 292 2379 449 2457; x_wconf 89' lang='lat' dir='ltr'><strong><em>arripiente</em></strong></span> <span class='ocrx_word' id='word_1_215' title='bbox 462 2395 497 2437; x_wconf 91' lang='lat' dir='ltr'><strong><em>eo</em></strong></span> <span class='ocrx_word' id='word_1_216' title='bbox 513 2378 722 2456; x_wconf 91' lang='lat' dir='ltr'><strong><em>conditionem,</em></strong></span> <span class='ocrx_word' id='word_1_217' title='bbox 739 2397 795 2439; x_wconf 91' lang='lat' dir='ltr'><strong><em>nec</em></strong></span> <span class='ocrx_word' id='word_1_218' title='bbox 809 2377 951 2438; x_wconf 89' lang='lat' dir='ltr'><strong><em>iudicibus</em></strong></span> <span class='ocrx_word' id='word_1_219' title='bbox 968 2394 1068 2456; x_wconf 88' lang='lat' dir='ltr'><strong><em>asper·</em></strong></span> 
     </span>
     <span class='ocr_line' id='line_1_27' title="bbox 57 2459 1070 2540; baseline -0.001 -18"><span class='ocrx_word' id='word_1_220' title='bbox 57 2462 207 2540; x_wconf 91' lang='lat' dir='ltr'><strong><em>nantibus,</em></strong></span> <span class='ocrx_word' id='word_1_221' title='bbox 235 2479 292 2521; x_wconf 92' lang='lat' dir='ltr'><strong><em>non</em></strong></span> <span class='ocrx_word' id='word_1_222' title='bbox 313 2462 374 2521; x_wconf 91' lang='lat' dir='ltr'><strong><em>sine</em></strong></span> <span class='ocrx_word' id='word_1_223' title='bbox 395 2479 499 2540; x_wconf 90' lang='lat' dir='ltr'><strong><em>magna</em></strong></span> <span class='ocrx_word' id='word_1_224' title='bbox 522 2464 564 2522; x_wconf 92' lang='lat' dir='ltr'><strong><em>sui</em></strong></span> <span class='ocrx_word' id='word_1_225' title='bbox 585 2463 690 2524; x_wconf 85' lang='lat' dir='ltr'><strong><em>invidia</em></strong></span> <span class='ocrx_word' id='word_1_226' title='bbox 711 2464 857 2540; x_wconf 86' lang='lat' dir='ltr'><strong><em>negotium</em></strong></span> <span class='ocrx_word' id='word_1_227' title='bbox 879 2461 990 2522; x_wconf 83' lang='lat' dir='ltr'><strong><em>aillixit.</em></strong></span> <span class='ocrx_word' id='word_1_228' title='bbox 1030 2459 1070 2521; x_wconf 84' lang='lat' dir='ltr'><strong><em>Et</em></strong></span> 
     </span>
     <span class='ocr_line' id='line_1_28' title="bbox 56 2545 1067 2625; baseline -0.003 -18"><span class='ocrx_word' id='word_1_229' title='bbox 56 2565 156 2607; x_wconf 89' lang='lat' dir='ltr'><strong><em>rursus</em></strong></span> <span class='ocrx_word' id='word_1_230' title='bbox 177 2548 205 2606; x_wconf 92' lang='lat' dir='ltr'><strong><em>in</em></strong></span> <span class='ocrx_word' id='word_1_231' title='bbox 227 2547 394 2623; x_wconf 86' lang='lat' dir='ltr'><strong><em>cognitione</em></strong></span> <span class='ocrx_word' id='word_1_232' title='bbox 413 2545 510 2607; x_wconf 90' lang='lat' dir='ltr'><strong><em>caedis</em></strong></span> <span class='ocrx_word' id='word_1_233' title='bbox 530 2546 686 2608; x_wconf 82' lang='lat' dir='ltr'><strong><em>Mediolani</em></strong></span> <span class='ocrx_word' id='word_1_234' title='bbox 710 2546 785 2625; x_wconf 89' lang='lat' dir='ltr'><strong><em>apud</em></strong></span> <span class='ocrx_word' id='word_1_235' title='bbox 800 2546 831 2606; x_wconf 86' lang='lat' dir='ltr'><strong><em>L.</em></strong></span> <span class='ocrx_word' id='word_1_236' title='bbox 848 2546 984 2606; x_wconf 90' lang='lat' dir='ltr'><strong><em>Pisonem</em></strong></span> <span class='ocrx_word' id='word_1_237' title='bbox 1000 2562 1067 2624; x_wconf 94' lang='lat' dir='ltr'><strong><em>pro-</em></strong></span> 
     </span>
     <span class='ocr_line' id='line_1_29' title="bbox 57 2629 1068 2708; baseline -0.002 -17"><span class='ocrx_word' id='word_1_238' title='bbox 57 2631 208 2692; x_wconf 89' lang='lat' dir='ltr'><strong><em>consulem</em></strong></span> <span class='ocrx_word' id='word_1_239' title='bbox 230 2629 390 2692; x_wconf 88' lang='lat' dir='ltr'><strong><em>delendens</em></strong></span> <span class='ocrx_word' id='word_1_240' title='bbox 416 2650 512 2708; x_wconf 88' lang='lat' dir='ltr'><strong><em>reum,</em></strong></span> <span class='ocrx_word' id='word_1_241' title='bbox 537 2650 599 2692; x_wconf 91' lang='lat' dir='ltr'><strong><em>cum</em></strong></span> <span class='ocrx_word' id='word_1_242' title='bbox 628 2631 798 2692; x_wconf 88' lang='lat' dir='ltr'><strong><em>cohiberent</em></strong></span> <span class='ocrx_word' id='word_1_243' title='bbox 824 2630 945 2690; x_wconf 86' lang='lat' dir='ltr'><strong><em>lictores</em></strong></span> <span class='ocrx_word' id='word_1_244' title='bbox 967 2630 1068 2690; x_wconf 91' lang='lat' dir='ltr'><strong><em>nimias</em></strong></span> 
     </span>
     <span class='ocr_line' id='line_1_30' title="bbox 56 2712 1068 2794; baseline -0.005 -18"><span class='ocrx_word' id='word_1_245' title='bbox 56 2716 228 2778; x_wconf 86' lang='lat' dir='ltr'><strong><em>laudantium</em></strong></span> <span class='ocrx_word' id='word_1_246' title='bbox 251 2733 359 2793; x_wconf 89' lang='lat' dir='ltr'><strong><em>voces,</em></strong></span> <span class='ocrx_word' id='word_1_247' title='bbox 382 2718 470 2777; x_wconf 88' lang='lat' dir='ltr'><strong><em>etita</em></strong></span> <span class='ocrx_word' id='word_1_248' title='bbox 491 2715 710 2793; x_wconf 87' lang='lat' dir='ltr'><strong><em>excanduisset,</em></strong></span> <span class='ocrx_word' id='word_1_249' title='bbox 738 2725 768 2774; x_wconf 92' lang='lat' dir='ltr'><strong><em>ut</em></strong></span> <span class='ocrx_word' id='word_1_250' title='bbox 787 2714 941 2794; x_wconf 92' lang='lat' dir='ltr'><strong><em>deplorato</em></strong></span> <span class='ocrx_word' id='word_1_251' title='bbox 966 2712 1068 2773; x_wconf 88' lang='lat' dir='ltr'><strong><em>Italiae</em></strong></span> 
     </span>
     <span class='ocr_line' id='line_1_31' title="bbox 10 2795 1066 2881; baseline -0.007 -19"><span class='ocrx_word' id='word_1_252' title='bbox 10 2820 46 2862; x_wconf 73' lang='lat' dir='ltr'><strong><em>ao</em></strong></span> <span class='ocrx_word' id='word_1_253' title='bbox 59 2809 150 2876; x_wconf 90' lang='lat' dir='ltr'><strong><em>statu,</em></strong></span> <span class='ocrx_word' id='word_1_254' title='bbox 168 2799 261 2880; x_wconf 80' lang='lat' dir='ltr'><strong><em>quasi</em></strong></span> <span class='ocrx_word' id='word_1_255' title='bbox 278 2799 388 2862; x_wconf 82' lang='lat' dir='ltr'><strong><em>iterem</em></strong></span> <span class='ocrx_word' id='word_1_256' title='bbox 406 2799 584 2879; x_wconf 69' lang='lat' dir='ltr'><strong><em>informem</em></strong></span> <span class='ocrx_word' id='word_1_257' title='bbox 595 2800 780 2881; x_wconf 80' lang='lat' dir='ltr'><strong><em>provinciae</em></strong></span> <span class='ocrx_word' id='word_1_258' title='bbox 796 2798 1007 2877; x_wconf 70' lang='lat' dir='ltr'><strong><em>redigeretur,</em></strong></span> <span class='ocrx_word' id='word_1_259' title='bbox 1027 2795 1066 2856; x_wconf 86' lang='grc' dir='ltr'><strong><em>Μ.</em></strong></span> 
     </span>
     <span class='ocr_line' id='line_1_32' title="bbox 57 2881 1069 2964; baseline -0.003 -22"><span class='ocrx_word' id='word_1_260' title='bbox 57 2885 176 2960; x_wconf 89' lang='lat' dir='ltr'><strong><em>insuper</em></strong></span> <span class='ocrx_word' id='word_1_261' title='bbox 197 2881 328 2960; x_wconf 90' lang='lat' dir='ltr'><strong><em>Brutum,</em></strong></span> <span class='ocrx_word' id='word_1_262' title='bbox 356 2885 437 2943; x_wconf 89' lang='lat' dir='ltr'><strong><em>cuins</em></strong></span> <span class='ocrx_word' id='word_1_263' title='bbox 458 2893 551 2946; x_wconf 90' lang='lat' dir='ltr'><strong><em>statua</em></strong></span> <span class='ocrx_word' id='word_1_264' title='bbox 574 2887 602 2945; x_wconf 94' lang='lat' dir='ltr'><strong><em>in</em></strong></span> <span class='ocrx_word' id='word_1_265' title='bbox 626 2892 786 2964; x_wconf 90' lang='lat' dir='ltr'><strong><em>conspectu</em></strong></span> <span class='ocrx_word' id='word_1_266' title='bbox 809 2890 888 2958; x_wconf 90' lang='lat' dir='ltr'><strong><em>erat,</em></strong></span> <span class='ocrx_word' id='word_1_267' title='bbox 915 2882 1069 2941; x_wconf 84' lang='lat' dir='ltr'><strong><em>inuocaret</em></strong></span> 
     </span>
    </p>
   </div>
   <div class='ocr_carea' id='block_1_3' title="bbox 56 2961 1071 3296">
    <p class='ocr_par' dir='ltr' id='par_1_6' title="bbox 56 2961 1071 3296">
     <span class='ocr_line' id='line_1_33' title="bbox 57 2961 1065 3047; baseline -0.008 -17"><span class='ocrx_word' id='word_1_268' title='bbox 57 2968 157 3047; x_wconf 70' lang='lat' dir='ltr'><strong><em>legam</em></strong></span> <span class='ocrx_word' id='word_1_269' title='bbox 169 2984 209 3028; x_wconf 88' lang='lat' dir='ltr'><strong><em>oc</em></strong></span> <span class='ocrx_word' id='word_1_270' title='bbox 223 2965 376 3028; x_wconf 77' lang='lat' dir='ltr'><strong><em>libertatis</em></strong></span> <span class='ocrx_word' id='word_1_271' title='bbox 391 2974 548 3030; x_wconf 84' lang='lat' dir='ltr'><strong><em>auctorem</em></strong></span> <span class='ocrx_word' id='word_1_272' title='bbox 561 2975 589 3030; x_wconf 92' lang='lat' dir='ltr'><strong><em>et</em></strong></span> <span class='ocrx_word' id='word_1_273' title='bbox 599 2968 767 3044; x_wconf 71' lang='lat' dir='ltr'><strong><em>oiadicm,</em></strong></span> <span class='ocrx_word' id='word_1_274' title='bbox 785 2984 860 3046; x_wconf 92' lang='lat' dir='ltr'><strong><em>pene</em></strong></span> <span class='ocrx_word' id='word_1_275' title='bbox 878 2982 991 3044; x_wconf 89' lang='lat' dir='ltr'><strong><em>poenas</em></strong></span> <span class='ocrx_word' id='word_1_276' title='bbox 1004 2961 1065 3023; x_wconf 89' lang='lat' dir='ltr'><strong><em>luit.</em></strong></span> 
     </span>
     <span class='ocr_line' id='line_1_34' title="bbox 56 3048 1066 3128; baseline -0.008 -14"><span class='ocrx_word' id='word_1_277' title='bbox 56 3053 117 3114; x_wconf 90' lang='lat' dir='ltr'><strong><em>lam</em></strong></span> <span class='ocrx_word' id='word_1_278' title='bbox 134 3060 226 3112; x_wconf 90' lang='lat' dir='ltr'><strong><em>autem</em></strong></span> <span class='ocrx_word' id='word_1_279' title='bbox 242 3052 340 3111; x_wconf 89' lang='lat' dir='ltr'><strong><em>senior</em></strong></span> <span class='ocrx_word' id='word_1_280' title='bbox 358 3050 395 3110; x_wconf 95' lang='lat' dir='ltr'><strong><em>ob</em></strong></span> <span class='ocrx_word' id='word_1_281' title='bbox 411 3051 510 3112; x_wconf 89' lang='lat' dir='ltr'><strong><em>vitium</em></strong></span> <span class='ocrx_word' id='word_1_282' title='bbox 522 3054 652 3113; x_wconf 86' lang='lat' dir='ltr'><strong><em>vomicae</em></strong></span> <span class='ocrx_word' id='word_1_283' title='bbox 668 3053 824 3113; x_wconf 88' lang='lat' dir='ltr'><strong><em>Novariam</em></strong></span> <span class='ocrx_word' id='word_1_284' title='bbox 840 3048 939 3128; x_wconf 90' lang='lat' dir='ltr'><strong><em>rediit,</em></strong></span> <span class='ocrx_word' id='word_1_285' title='bbox 959 3063 1066 3108; x_wconf 89' lang='lat' dir='ltr'><strong><em>convo·</em></strong></span> 
     </span>
     <span class='ocr_line' id='line_1_35' title="bbox 58 3131 1071 3216; baseline -0.007 -18"><span class='ocrx_word' id='word_1_286' title='bbox 58 3145 181 3216; x_wconf 91' lang='lat' dir='ltr'><strong><em>cataque</em></strong></span> <span class='ocrx_word' id='word_1_287' title='bbox 197 3134 286 3215; x_wconf 90' lang='lat' dir='ltr'><strong><em>plebe</em></strong></span> <span class='ocrx_word' id='word_1_288' title='bbox 302 3136 414 3211; x_wconf 88' lang='lat' dir='ltr'><strong><em>causis,</em></strong></span> <span class='ocrx_word' id='word_1_289' title='bbox 436 3144 558 3215; x_wconf 91' lang='lat' dir='ltr'><strong><em>propter</em></strong></span> <span class='ocrx_word' id='word_1_290' title='bbox 570 3155 641 3216; x_wconf 87' lang='lat' dir='ltr'><strong><em>quas</em></strong></span> <span class='ocrx_word' id='word_1_291' title='bbox 656 3137 729 3197; x_wconf 90' lang='lat' dir='ltr'><strong><em>mori</em></strong></span> <span class='ocrx_word' id='word_1_292' title='bbox 753 3136 943 3213; x_wconf 84' lang='lat' dir='ltr'><strong><em>destinasset,</em></strong></span> <span class='ocrx_word' id='word_1_293' title='bbox 968 3131 1015 3192; x_wconf 92' lang='lat' dir='ltr'><strong><em>diu</em></strong></span> <span class='ocrx_word' id='word_1_294' title='bbox 1031 3148 1071 3192; x_wconf 85' lang='lat' dir='ltr'><strong><em>ac</em></strong></span> 
     </span>
     <span class='ocr_line' id='line_1_36' title="bbox 57 3217 749 3296; baseline -0.003 -14"><span class='ocrx_word' id='word_1_295' title='bbox 57 3239 140 3282; x_wconf 89' lang='lat' dir='ltr'><strong><em>more</em></strong></span> <span class='ocrx_word' id='word_1_296' title='bbox 155 3217 353 3283; x_wconf 84' lang='lat' dir='ltr'><strong><em>concionantis</em></strong></span> <span class='ocrx_word' id='word_1_297' title='bbox 368 3219 505 3296; x_wconf 85' lang='lat' dir='ltr'><strong><em>redditis,</em></strong></span> <span class='ocrx_word' id='word_1_298' title='bbox 523 3219 657 3282; x_wconf 91' lang='lat' dir='ltr'><strong><em>abstinuit</em></strong></span> <span class='ocrx_word' id='word_1_299' title='bbox 674 3220 749 3281; x_wconf 93' lang='lat' dir='ltr'><strong><em>cibo.</em></strong></span> 
     </span>
    </p>
   </div>
   <div class='ocr_carea' id='block_1_4' title="bbox 498 3389 632 3431">
    <p class='ocr_par' dir='ltr' id='par_1_7' title="bbox 498 3389 632 3431">
     <span class='ocr_line' id='line_1_37' title="bbox 498 3389 632 3431; baseline -0.007 0"><span class='ocrx_word' id='word_1_300' title='bbox 498 3389 632 3431; x_wconf 67' lang='lat' dir='ltr'><strong><em>*i*</em></strong></span> 
     </span>
    </p>
   </div>
   <div class='ocr_carea' id='block_1_5' title="bbox 0 0 1152 3862">
    <p class='ocr_par' dir='ltr' id='par_1_8' title="bbox 0 0 1152 3862">
     <span class='ocr_line' id='line_1_38' title="bbox 0 0 1152 3862; baseline 0 0"><span class='ocrx_word' id='word_1_301' title='bbox 0 0 1152 3862; x_wconf 95' lang='lat' dir='ltr'><strong><em> </em></strong></span> 
     </span>
    </p>
   </div>
  </div>
 </body>
</html>
