2334 3870
482 201 691 249 PRAEFATIO.
966 201 1032 251 nm

188 366 216 420 In
232 366 283 420 hae
299 363 414 419 raritate
431 361 597 433 seriptornm
616 361 806 433 exemplorum
822 360 897 432 typis
913 377 1024 434 quoqne
1040 369 1158 432 udinem

127 451 323 522 impressorum
340 445 413 502 ratio
431 444 557 502 habenda
573 451 633 515 est,
653 461 745 515 eoquo
761 444 851 515 magis
867 446 940 515 quod
955 446 1026 502 sori·
1046 420 1157 476 princpes

126 534 181 606 ptis
194 537 284 589 aelate
297 528 429 601 supparia
445 534 508 583 sunt
523 534 550 584 et
568 546 603 584 ex
616 529 730 601 seriptis
743 527 890 585 codicibus
907 529 1028 584 fideliter

126 616 255 689 repetita.
300 611 521 683 DiligentIssima
539 612 625 683 igitur
637 613 857 684 investigatione
876 628 927 684 per
940 612 1030 684 pluri-

126 716 183 757 mas
200 697 390 755 bibliothecas
412 696 486 751 laeta
503 711 557 764 ego
574 696 696 751 stamini
714 701 772 752 tres
790 696 931 752 editiones
952 696 1033 751 inve·

127 784 217 838 nimus
245 778 448 850 principum
478 777 590 833 nomine
621 778 815 849 appellandas,
846 780 920 850 quod
955 794 1034 835 suum

129 879 255 935 quaeque
284 862 416 933 seriptum
445 861 547 917 librum
572 861 714 931 seqnitur,
744 863 902 919 rarissImas
926 879 1033 920 omnes.

127 947 302 1004 Nominamns
319 944 472 1013 lnoertam,
489 945 640 1012 Venetam,
658 943 855 999 Florentinum.

189 1030 360 1084 lnoertae
380 1027 533 1096 editionis,
564 1044 635 1098 qnae
662 1028 758 1083 urbem
781 1043 879 1084 annum
900 1032 1033 1097 typogra-
1061 1037 1146 1082 lunt·

125 1117 207 1187 phum
224 1127 358 1184 nusquam
376 1111 489 1182 prodit,
512 1112 640 1183 exempla
658 1110 737 1167 ioliis
757 1110 809 1166 XV
823 1114 952 1165 constant
967 1125 1035 1181 qna-

125 1197 257 1253 ternariis
272 1195 474 1251 versiculorum
487 1194 584 1250 xxw.
630 1193 737 1251 Titulus
753 1193 916 1251 maiusculis
932 1193 1036 1250 litteris

124 1282 171 1337 hio
191 1287 246 1336 est:
270 1279 392 1334 Suetonii
407 1278 562 1349 Tranquilli
585 1280 618 1334 de
637 1272 848 1357 {grammaticis
875 1285 902 1332 et
922 1276 1034 1345 rhetori

126 1365 176 1419 bras
190 1364 351 1418 clarissimis
366 1363 469 1415 libellus
484 1361 620 1431 foeliciter
636 1365 737 1432 incipit.
770 1370 928 1435 postremus
943 1361 1033 1418 versi·

129 1447 207 1500 onlus
223 1445 286 1498 hio:
310 1443 377 1500 etho.
407 1442 517 1496 FINIS
538 1443 657 1497 AMEN.
691 1446 874 1513 Gottingense
891 1446 1035 1515 exemplar

131 1527 225 1584 Osann
242 1523 421 1596 comparavit,
438 1523 651 1593 stuttgartinum
672 1525 862 1579 Franoisei
878 1526 1037 1579 Pleiller

130 1611 163 1666 V.
186 1610 216 1666 G.
243 1607 434 1665 benivolentia
457 1608 648 1663 transmissum
672 1622 741 1677 ego:
776 1612 924 1679 praeterea
946 1611 1039 1661 exstat

129 1695 256 1751 Venetiis
271 1693 299 1748 in
315 1691 384 1747 bibl.
399 1691 546 1749 llaroiana.
587 1689 718 1748 Prodisse
735 1689 928 1761 bibliographi
944 1689 1037 1745 Vene-

128 1777 429 1835 tiisoiroitera.1472
449 1793 484 1832 ex
505 1776 616 1833 olicias
630 1774 739 1831 Nicolai
759 1775 861 1830 lenson
879 1773 1038 1846 opinantur,

130 1862 233 1918 mavult
243 1859 456 1916 humanissimus
470 1860 648 1932 Iosephus
667 1857 917 1915 Valentinelli
934 1857 1039 1914 Medio·

129 1947 272 2002 lanensem
289 1942 419 1999 arbitrari
426 1938 471 2017 ⁸¹).

195 2029 365 2082 Venetam
388 2026 539 2083 editionem
561 2041 621 2083 enm
638 2027 764 2083 llodesto
780 2025 815 2081 de
836 2042 867 2082 re
881 2025 994 2081 militari
1011 2031 1039 2080 et
1063 2032 1147 2079 vassa

133 2111 230 2166 libello
253 2109 287 2163 de
304 2109 511 2177 magistratibus
530 2111 704 2166 ooninnotam
723 2111 924 2182 impresserunt
944 2110 1036 2166 Barth.

133 2190 330 2248 Cremonensis
354 2208 387 2246 ao
407 2192 500 2248 Barth.
529 2194 564 2249 de
586 2191 670 2249 Gnrlo
693 2192 885 2248 Veroellensis
912 2191 1038 2249 eonsooii

130 2275 259 2334 venetiis
275 2292 299 2331 a.
318 2269 439 2346 1474⁸²)‚
452 2275 596 2349 inser-ipsit
612 2275 849 2332 Reverends'asimo
865 2277 972 2331 domino
991 2276 1038 2331 do·

132 2391 333 2404 -ι-

130 2440 191 2490 bibl.
208 2439 269 2490 bihl.
287 2438 299 2486 1
317 2453 344 2504 p.
361 2439 422 2489 524.
450 2464 484 2474 -
509 2437 669 2488 Florentinus
692 2439 719 2488 in
737 2438 909 2488 Laurentiano
924 2435 988 2501 plut.
1006 2435 1041 2487 89

131 2508 187 2558 nod.
204 2507 222 2558 8
240 2507 362 2558 Caesares
378 2521 477 2570 qnoque
494 2505 606 2557 Suetonii
624 2508 743 2570 eontinet,
761 2506 809 2557 sed
824 2506 850 2556 in
866 2503 1040 2557 GrammatieIs

130 2594 156 2644 p.
173 2575 239 2636 265,
257 2577 270 2625 l
287 2581 346 2642 post
362 2575 496 2626 Hioinitr'o
514 2574 606 2629 definit.
630 2602 661 2614 —
682 2575 879 2641 Neapolitanus,
901 2575 961 2625 olim
979 2573 1040 2623 llar-

131 2646 253 2696 nesianns
270 2644 334 2705 121,
356 2642 432 2694 hodie
448 2643 595 2695 inscribitur
612 2644 677 2694 Bibl.
695 2643 760 2710 Reg.
778 2644 821 2694 IV.
847 2658 869 2696 o,
886 2644 929 2696 ul.
946 2667 980 2678 -
1001 2641 1040 2692 Ile

130 2713 283 2772 narniensi,
299 2712 343 2777 qni
359 2712 417 2762 olim
432 2711 535 2763 Ioannis
551 2709 672 2762 Grammii
690 2711 745 2774 luit,
763 2711 809 2764 eir.
829 2712 942 2762 Arntzen
956 2709 1037 2777 prael.

132 2783 164 2833 ad
180 2784 242 2832 Aur.
262 2781 398 2834 lictorem.

201 2849 247 2913 31)
267 2850 390 2900 Venatum
410 2850 477 2899 enim
496 2849 640 2916 exemplum
661 2849 741 2902 class.
760 2848 830 2912 x1V,
851 2849 901 2900 176
927 2863 978 2900 uno
995 2861 1040 2898 no·

133 2919 228 2968 lumine
245 2918 392 2985 colligatum
408 2927 447 2968 est
464 2933 521 2968 eum
539 2917 721 2969 Mediolanensi
736 2919 821 2982 aliqua
834 2917 943 2967 editione
962 2917 1040 2982 (Halo

134 3001 177 3040 no.
198 2985 280 3049 6964)
299 2988 370 3036 cuius
389 2986 602 3054 typographicam
621 3000 722 3052 quoqne
738 2985 849 3105 asaelem
867 2985 955 3037 refert.
993 2985 1040 3036 (ie-

133 3067 217 3107 terum
238 3055 358 3120 repetivit
378 3064 403 3105 et
424 3055 566 3106 emendavit
586 3058 709 3106 Incertam
734 3069 748 3104 e
767 3056 868 3104 itionem
892 3054 1040 3112 Beroaldus,

133 3132 162 3174 nt
178 3123 265 3174 ferunt
279 3121 409 3174 Bononiae
427 3138 451 3173 a.
473 3123 554 3187 15043
579 3138 661 3188 neque
682 3122 750 3174 enim
775 3124 834 3173 novi
855 3124 905 3174 nisl
922 3121 1042 3186 Fribnrgi

133 3195 264 3243 inventam
275 3191 457 3259 repetitionem,
471 3206 545 3256 qnam
560 3193 594 3243 Μ.
606 3191 754 3243 Sohnrerins
764 3191 930 3258 Argentea-ati
940 3205 963 3242 a.
973 3185 1042 3240 1510

133 3262 217 3313 emisit
231 3263 444 3325 excommunione
459 3261 572 3326 Philippi
581 3261 718 3317 Beroaldie
733 3261 779 3314 eir.
794 3259 913 3312 Sebritae
929 3259 962 3309 ad
974 3257 1040 3312 Aur.

135 3331 263 3381 Vietorom
281 3330 313 3380 de
331 3330 393 3380 viris
410 3331 550 3381 illustribus
569 3347 594 3397 p.
611 3329 669 3382 XII.
690 3329 810 3381 Beroaldl
825 3330 906 3396 igitur
922 3325 1041 3378 emenda·

135 3401 217 3450 tiones
234 3415 249 3450 a
265 3399 366 3449 nemine
382 3408 589 3450 commemoratas
605 3415 638 3450 ex
654 3397 703 3449 hae
718 3399 868 3466 repetltlone
885 3395 1004 3465 cognovi.

203 3468 249 3533 32)
266 3469 335 3519 Idem
351 3468 495 3535 exemplum
511 3468 634 3520 Maittaire
650 3468 799 3536 deson‘pslt,
814 3466 843 3521 P.
854 3466 976 3542 Pithoeus
988 3462 1040 3514 nist
