2286 3862
117 206 179 269 292
380 211 412 261 a.
437 206 602 258 sunnonuu
626 202 846 265 unauomm

117 374 233 434 multum
249 387 281 428 se
301 366 412 427 miranti
429 365 503 442 legit
517 379 548 424 a.
556 366 626 421 596.
634 366 733 421 597...
744 357 868 420 Publius
876 358 1051 429 Terentius
1065 366 1137 451 ilar,

119 455 294 531 Carthagine
315 460 414 529 natus,
439 447 539 509 serviit
561 445 673 507 Romae
696 442 837 505 Terentio
855 442 991 511 Lucano
1009 458 1134 533 senatori,

118 561 134 602 a
150 556 207 620 quo
223 536 261 598 ob
278 537 422 612 ingenium
439 543 467 593 et
484 533 608 593 formam
627 545 685 589 nou
705 528 857 590 institutus
872 531 975 606 modo
986 534 1133 601 liberaliter

118 625 171 686 sed
186 632 214 682 et
228 630 338 681 mature
352 618 543 679 manumissus
557 622 613 674 est.
659 610 780 687 Quidam
796 622 926 694 captum
953 634 1015 679 aare
1033 624 1129 684 existi·

117 717 211 783 mant,
227 704 304 784 qnod
319 703 382 762 lieri
404 701 483 762 nullo
499 697 586 760 modo
602 696 735 776 potuisse
749 696 934 762 Fenestella
954 702 1048 781 donet,
1065 724 1123 767 aum
1140 734 1143 746 ⁴

117 794 191 851 inter
209 790 294 847 linem
312 785 431 846 secundi
446 784 544 845 Punici
560 781 633 843 belli
654 791 683 842 et
706 782 814 842 initium
840 786 930 847 tertii
958 796 1040 849 natur
1054 791 1083 849 in
1094 800 1119 851 et

118 882 260 937 mortuus:
280 888 335 931 nec
358 872 383 930 si
399 888 415 931 a
432 867 563 929 Numidis
577 874 608 927 et
626 864 756 927 Gaetulis
771 875 881 946 eaptus
899 870 964 949 sit,
989 872 1124 935 adiuuem

117 957 275 1018 Romanum
288 956 444 1033 pervenire
461 954 609 1031 putuisse,
627 950 708 1010 nullo
726 954 912 1013 commercio
932 956 1019 1019 inter
1027 956 1125 1021 ltaliam

119 1052 148 1101 et
160 1040 248 1099 Ainos
261 1040 315 1099 nisi
329 1047 396 1115 pust
409 1038 535 1098 deletam
551 1034 755 1112 Carthaginem
766 1035 891 1115 eo'epto.
917 1038 985 1102 Hie
1001 1045 1117 1105 aumnrl

118 1128 155 1185 tis
167 1122 311 1182 nobilibus
326 1121 504 1181 familiariter
515 1121 604 1196 vixit,
620 1118 675 1180 sed
685 1120 808 1180 maxime
820 1136 890 1181 enm
902 1124 1133 1207 Scipionellrinr

120 1225 192 1266 cano
212 1214 241 1264 et
260 1202 293 1263 G.
309 1204 418 1264 Laelio.
466 1202 576 1277 Quibus
593 1205 678 1265 etiam
696 1205 829 1282 eorporis
845 1200 954 1283 gratia
972 1210 1112 1274 conaiiatu

119 1290 313 1365 existimatur,
345 1287 422 1367 quoi
448 1297 478 1347 et
497 1289 591 1368 ipsum
614 1287 782 1349 Fenestella
805 1291 927 1371 arguit,
961 1296 1117 1357 conterius

117 1383 241 1450 utroque
266 1372 404 1431 maiorem
425 1382 493 1434 natu
518 1373 627 1449 luisse,
655 1373 784 1452 quamuis
808 1382 837 1433 et
861 1372 982 1458 Nepos
1006 1381 1117 1461 aequale

119 1475 218 1516 omnes
241 1457 331 1515 luisse
353 1455 447 1517 tradat
463 1466 492 1516 et
506 1455 628 1517 Parcius
643 1456 840 1537 suspicionem
858 1458 898 1519 tle
924 1465 1118 1527 consuetudin

118 1559 172 1619 per
186 1541 260 1601 haec
276 1540 377 1600 iaciat:
1121 1576 1132 1617 a

178 1630 251 1685 Dum
264 1630 404 1684 lasciuiam
419 1629 548 1685 nobilium
562 1636 588 1686 at
603 1630 700 1686 laudas
710 1630 828 1702 facetat
838 1634 925 1704 petit,

176 1714 250 1768 Dum
266 1712 398 1784 Africani
408 1728 499 1770 vocem
514 1715 633 1771 divinum
645 1713 734 1770 initiat
746 1714 833 1772 aridas
849 1718 992 1791 uariam,

180 1798 251 1853 Dum
266 1798 304 1851 ad
317 1796 428 1852 Pltilum
440 1812 471 1853 sa
485 1800 608 1853 canitura
621 1803 647 1853 at
659 1797 783 1855 laelium
793 1800 956 1872 putata-am
966 1814 1068 1881 pum,

179 1881 252 1936 Dum
268 1895 297 1935 se
312 1883 406 1936 anari
418 1882 452 1937 ab
469 1881 512 1937 lura
526 1883 615 1938 credit
727 1875 745 1912 ³¹⁵
901 1879 923 1917 ‘¹
1004 1918 1015 1950 =

219 1957 237 1993 '¹‘
279 1964 376 2020 crebra
390 1966 419 2019 ia
434 1965 570 2022 Albanam
584 1968 698 2038 rapitur
712 1966 745 2022 ult
754 1968 855 2039 florem
868 1976 981 2032 aetolis
994 1992 1078 2037 omae.

179 2047 247 2102 Post
258 2048 370 2104 uallatis
384 2048 467 2104 rebus
482 2051 521 2104 ad
533 2066 668 2107 summam
682 2053 803 2123 inopiam
817 2054 960 2115 redactus
976 2068 1034 2119 aaa.

175 2130 274 2202 ltaque
284 2146 300 2186 a
310 2138 456 2203 conspecta
467 2137 587 2190 amnium
602 2135 659 2191 abit
670 2136 817 2192 Graeciam
827 2139 857 2193 in
867 2142 988 2201 terram
1007 2148 1122 2213 ultim

177 2215 317 2271 Murtuast
330 2215 504 2288 Stymphala,
518 2218 658 2275 Arcadiae
672 2222 700 2276 in
715 2222 824 2292 oppida.
855 2222 908 2279 Nil
919 2226 1054 2291 Prablm

178 2299 270 2371 Scipio
278 2300 404 2371 profuit,
419 2302 461 2356 nil
472 2304 513 2357 iili
525 2302 650 2369 Laeliae,
665 2306 707 2359 ail
718 2304 833 2376 Furias,

180 2383 249 2438 Tres
258 2399 316 2454 per
329 2385 359 2437 id
372 2390 477 2456 tempas
490 2389 538 2458 qui
552 2388 691 2460 agitabant
704 2390 808 2446 nabiles
819 2390 971 2463 facillime.

174 2468 280 2522 Earum
296 2469 341 2522 illa
354 2484 441 2540 opera
455 2485 490 2525 aa
507 2471 614 2526 domum
628 2474 735 2544 quidem
749 2473 844 2530 habuit
856 2480 1083 2559 condam

175 2550 276 2605 Saltem
291 2557 321 2607 at
333 2559 404 2607 asset
416 2570 469 2625 qao
483 2554 607 2625 referret
621 2555 718 2613 ubitam
733 2558 837 2614 dammi
847 2566 999 2624 servulus.

195 2631 318 2708 Scripsit
345 2634 512 2693 comoedias
539 2653 611 2709 sex,
642 2654 680 2695 ex
706 2637 808 2716 quibus
835 2640 964 2718 primam
993 2648 1119 2713 Andrias

112 2729 175 2769 eum
191 2713 333 2773 aedilibus
350 2716 448 2792 daret,
465 2718 562 2778 iussus
576 2729 642 2780 ante
656 2718 786 2781 Caecilio
802 2724 952 2805 recitare,
971 2734 1016 2795 ad
1028 2752 1119 2799 eam

111 2803 168 2852 tem
191 2813 254 2853 aum
277 2800 423 2876 venisset,
446 2800 539 2861 dictus
565 2813 610 2863 est
630 2806 738 2866 initium
754 2807 870 2885 quidem
884 2808 1033 2901 fabulae,
1057 2816 1119 2903 qual

111 2886 173 2936 erat
196 2885 409 2961 contemptiure
428 2887 552 2963 vestitu,
577 2888 718 2950 subsellia
736 2892 814 2952 iuxta
829 2892 976 2961 lectulum
996 2906 1119 2969 resident

110 2961 237 3037 legisse,
263 2976 330 3041 post
358 2987 468 3047 paucos
491 2988 564 3031 vero
589 2991 693 3033 versus
714 2976 850 3036 invitatus
874 2987 907 3038 ut
931 2990 1120 3053 accumberet

109 3062 316 3126 amassenus,
334 3051 399 3111 dein
417 3063 517 3115 cetera
533 3060 755 3134 percucurrisse
770 3077 828 3120 nou
844 3062 910 3123 sine
926 3084 1045 3151 magna
1058 3072 1119 3139 cae·

109 3128 166 3187 ailii
187 3130 384 3194 admiratione.
419 3136 457 3197 Et
483 3139 557 3202 hana
585 3151 678 3202 autem
705 3153 734 3205 et
761 3146 888 3225 quinque
915 3152 1061 3239 reliquas
1082 3176 1120 3221 ae·

108 3212 233 3287 qualiter
253 3219 363 3295 populo
388 3222 538 3300 probavit,
562 3228 692 3307 quamvis
712 3228 863 3291 Vulcatius
884 3230 1120 3309 dinumeratiout

108 3297 231 3357 omnium
246 3302 284 3361 ita
303 3302 428 3364 scribat:

258 3389 389 3448 Sumatur
398 3392 514 3467 Hecyra
529 3404 611 3454 sexta
626 3415 664 3457 ec
676 3401 720 3458 luis
733 3402 843 3475 fabula.

106 3457 262 3525 Eunuchus
285 3472 399 3550 quidem
419 3471 464 3533 his
486 3475 533 3536 (lie
555 3488 619 3540 aeta
642 3491 687 3542 est
702 3484 865 3565 meruitque
881 3492 1020 3566 pretium
1038 3516 1111 3583 quan
