2286 3862
434 112 540 162 muns
555 112 748 164 AUGUSTUS.
1029 109 1069 169 75

65 276 96 327 ut
116 263 145 326 iu
161 269 298 329 extremis
313 270 414 348 spatiis
429 268 580 330 subsultim
595 270 780 348 decurreret,
802 273 947 348 segestria
961 273 1010 333 rel
1026 273 1068 333 lc·

66 350 160 411 dicula
176 352 329 413 involutus.
349 353 444 414 Animi
459 352 573 414 laxandi
592 372 679 415 causa
693 355 780 415 modo
796 355 962 435 piscabatur
973 355 1068 434 hamo,

65 435 152 496 modo
175 435 241 496 talis
262 447 309 498 aut
332 437 467 498 ocellatis
487 437 666 516 nucibusque
687 438 806 499 ludebat
824 457 887 499 cum
906 441 1004 518 pueris
1018 443 1069 500 mi·

64 520 153 597 nutis,
171 538 245 600 quos
260 522 337 581 facie
354 532 383 581 et
398 522 566 599 garrulitate
582 522 713 583 amabilis
729 523 855 602 undique
868 523 1068 602 conquirebat,

37 606 226 683 apraecipne
240 605 357 665 lllauros
379 615 408 665 et
423 607 524 681 Syros.
553 605 627 666 Nam
642 608 767 684 pumilos
784 617 871 687 atque
889 607 1029 669 distortos
1041 616 1071 668 et

64 689 157 747 omnis
180 690 300 765 generis
321 690 465 768 eiusdem,
486 699 517 749 ut
537 688 661 749 ludibria
684 700 803 752 naturae
824 692 951 771 malique
967 692 1070 753 ominis

64 770 251 831 abhorrebat.

125 855 328 934 Eloquentiam
345 857 496 936 studiaque
514 856 647 917 liberalia
660 856 697 917 ab
710 866 804 918 aetate
820 860 949 936 primast
964 860 1112 938 cupidettt

64 947 93 997 et
119 939 350 1000 laboriosissime
372 942 514 1001 exercuit.
558 941 714 1002 Mutinensi
738 940 818 1002 bello
842 943 871 1001 in
892 951 970 1002 tanta
991 943 1070 1004 mole

22 1034 52 1076 so
63 1040 159 1082 rerum
182 1032 211 1082 et
225 1024 337 1101 legisse
353 1034 382 1085 et
400 1027 556 1104 scripsisse
572 1034 601 1085 et
618 1024 801 1085 declamasse
819 1027 925 1086 cotidie
940 1025 1070 1087 traditur.

61 1106 134 1167 Nam
157 1107 297 1187 deinceps
319 1127 415 1187 neque
437 1111 465 1169 iu
490 1118 592 1170 senatu
615 1127 710 1187 neque
726 1108 805 1189 apud
820 1111 959 1190 populum
975 1128 1071 1188 neque

62 1191 139 1270 apud
162 1191 267 1252 milites
288 1193 402 1253 locutus
425 1203 470 1255 est
490 1212 624 1272 umquam
643 1195 698 1253 nisi
713 1193 846 1255 meditata
865 1203 894 1254 et
906 1196 1071 1273 composita

65 1276 215 1353 oratione,
237 1278 367 1354 quamuis
388 1295 446 1338 non
468 1278 644 1337 deficeretur
659 1278 696 1338 ad
711 1278 804 1338 subita
821 1279 1014 1357 extemporali
1028 1279 1070 1339 la·

66 1357 182 1418 cultate.
212 1358 259 1419 Ac
279 1378 316 1419 ne
338 1360 497 1438 periculum
518 1362 676 1421 memoriae
697 1360 789 1421 adiret
804 1371 851 1422 aut
865 1365 893 1421 in
912 1362 1070 1422 ediscendo

27 1451 56 1492 ¹⁵
65 1452 180 1520 tempus
200 1442 379 1522 absumeret,
399 1446 519 1505 instituit
540 1445 666 1504 recitare
690 1447 793 1506 omnia.
825 1447 983 1505 Sermones
1001 1460 1070 1524 qno·

65 1545 122 1606 que
145 1544 208 1586 oum
230 1528 352 1606 singulis
374 1538 461 1607 atque
487 1530 571 1589 etiam
587 1547 651 1589 cum
666 1529 745 1590 Livia
764 1548 816 1590 sna
831 1531 986 1607 graviores
1000 1547 1070 1590 nou·

63 1613 119 1670 nisi
140 1612 269 1690 scriptos
290 1621 319 1672 et
335 1631 352 1672 e
369 1612 472 1674 libello
489 1612 630 1691 habebat,
654 1632 691 1673 ne
708 1613 774 1692 plus
789 1615 920 1674 minusve
935 1614 1094 1693 loquere·‘

63 1704 109 1755 tur
135 1713 173 1755 ex
194 1705 338 1775 tempore.
371 1696 578 1757 Pronuntiabat
593 1696 669 1757 dulci
684 1706 714 1758 et
730 1700 851 1778 proprio
869 1698 993 1777 quodam
1011 1697 1071 1757 oris

63 1796 148 1856 sono,
165 1779 308 1859 dabatque
325 1781 441 1841 assidue
457 1781 609 1860 phonasco
626 1799 763 1859 operam;
781 1783 833 1842 sed
848 1798 1069 1859 nonnumquam,

25 1865 210 1924 ²⁰inlirmatis
230 1863 378 1942 lancibus,
400 1867 558 1944 praeconis
575 1883 651 1925 voce
667 1865 704 1926 ad
725 1867 865 1946 populum
880 1869 1071 1927 concionatus

63 1956 117 2007 est.
1110 1952 1116 1968 '

126 2030 215 2092 Multa
231 2031 302 2089 varii
318 2033 437 2108 generis
452 2050 541 2109 prosa
559 2034 691 2094 oratione
709 2034 890 2111 composuit,
913 2051 950 2092 ex
965 2031 1110 2111 quibussu

63 2113 200 2176 nonnulla
216 2116 244 2173 in
262 2125 348 2175 coetu
363 2115 543 2175 familiarium
558 2118 681 2177 velutin
696 2118 840 2178 auditorio
858 2118 1008 2193 recitavit,
1031 2117 1069 2175 si-

65 2208 112 2258 eut
134 2198 303 2278 Rescripta
325 2197 425 2261 Bruto
449 2199 488 2260 de
508 2198 642 2278 Catone,
664 2219 737 2280 quae
759 2201 905 2261 volumina
929 2219 992 2260 cum
1014 2201 1070 2260 iam

25 2291 54 2332 2⁵
64 2283 164 2343 senior
180 2302 218 2343 ex
233 2301 337 2362 magna
354 2293 437 2363 parte
452 2283 585 2362 legisset,
595 2284 731 2362 fatigatus
741 2285 858 2346 Tiberio
873 2284 988 2345 tradidit
1003 2303 1069 2364 per·

63 2367 293 2445 legenda;·item
309 2367 512 2430 Hortotiones
533 2368 576 2428 od
591 2368 839 2448 philosophiam,
863 2379 892 2430 et
913 2370 1008 2449 aliqua
1022 2367 1071 2428 De

63 2452 130 2512 cito
148 2468 225 2528 coo,
248 2470 332 2531 quam
349 2452 490 2513 tredecim
505 2453 603 2531 libris,
624 2451 799 2514 Cantabrico
814 2463 898 2515 tenus
916 2453 996 2514 bello
1014 2471 1070 2512 nec

62 2536 152 2614 ultra,
171 2537 316 2616 exposuit.
350 2536 470 2598 Poetica
484 2538 642 2597 summatim
659 2539 761 2615 attigit.
791 2538 873 2603 Unus
887 2535 964 2598 liber
979 2546 1068 2615 extat,

63 2622 189 2700 scriptus
212 2620 248 2681 ab
263 2640 299 2682 eo
315 2621 492 2683 hexametris
507 2620 655 2699 versibus,
680 2623 760 2683 onius
780 2631 808 2681 et
827 2630 1025 2700 argumentum
1040 2631 1070 2682 et

27 2707 53 2749 ³⁰
63 2705 161 2765 titulus
183 2714 228 2765 est
243 2705 354 2767 stettin
360 2731 376 2779 ,·
399 2714 479 2767 extat
500 2706 575 2766 alter
594 2723 688 2785 aeque
705 2707 837 2767 modicus
851 2705 1068 2786 Epiprammo·

64 2795 141 2865 tum,
164 2806 238 2867 quae
258 2790 323 2851 iero
341 2801 474 2870 tempore
494 2790 602 2851 balinei
622 2791 822 2853 meditabatur.
857 2791 930 2851 Nam
951 2799 1068 2867 tragoe-

63 2872 138 2932 diam
155 2890 260 2950 magno
276 2875 384 2954 impetu
400 2893 538 2952 exorsus,
561 2894 619 2936 non
642 2876 810 2936 succedenti
835 2875 917 2954 stilo,
940 2873 1069 2935 abolevit

64 2957 329 3037 quaerentibusque
358 2955 473 3038 amicis,
501 2960 635 3039 quidnam
657 2958 734 3020 Aiax
759 2969 879 3038 ageret,
906 2956 1067 3037 respondit,

64 3041 184 3102 Aiacem
200 3043 325 3103 suumin
342 3061 503 3123 spongeam
518 3043 694 3105 incubuisse.

27 3139 54 3183 ³⁵
128 3126 225 3189 (lenus
245 3128 401 3207 eloquendi
423 3136 540 3189 secutus
556 3136 601 3188 est
616 3128 738 3206 elegans
754 3138 783 3188 et
798 3134 1005 3205 temperatum,
1026 3127 1110 3194 viee

61 3213 129 3271 tatis
144 3214 348 3274 sententiarum
362 3213 481 3293 ineptiis
494 3221 580 3290 atque
596 3215 788 3274 concinnitate
799 3220 827 3272 et
838 3209 1068 3272 reconditorum

60 3293 243 3375 verborum,
262 3305 293 3358 ut
308 3299 373 3378 lpse
388 3297 474 3374 dicit,
489 3293 685 3374 foetorihos;
710 3297 956 3376 praecipuamque
971 3313 1067 3356 curam

62 3378 156 3460 duxit,
173 3398 288 3441 sensum
302 3382 387 3443 animi
403 3399 486 3460 quam
501 3381 684 3460 apertissime
700 3381 875 3459 exprimere.
908 3378 992 3454 Quod
1008 3397 1066 3459 quo
