2286 3862
126 210 188 273 218
211 223 241 273 c.
255 218 703 278 suenournnsno.1>nv1ra
717 216 902 268 conessum
913 220 990 269 nro.
1002 222 1068 272 vn.

126 379 219 440 mniae
235 378 359 453 amovit,
385 394 447 436 cum
463 373 598 434 libertino
615 372 727 433 cuidam
741 372 876 434 acerbius
892 373 1028 439 debitum
1043 398 1124 460 repo·

127 463 219 525 scenti
240 462 404 521 iniuriarum
418 458 577 536 formulam,
594 459 675 536 quasi
692 457 774 518 calce
790 458 826 518 ub
842 475 880 519 eo
898 476 1072 543 percussus,
1087 468 1123 525 in

126 546 266 611 tendisset
281 563 337 606 nee
359 544 443 605 aliter
457 560 541 621 quam
556 543 679 602 extortis
694 543 903 622 quinquaginta
920 549 1066 608 sestertiis
1079 568 1123 610 re

125 633 261 693 misisset.

190 714 401 776 Aduenientem
424 711 499 771 male
523 712 661 771 animatus
686 729 758 788 erga
785 712 951 792 principem
977 716 1140 776 exereitnss

127 816 294 881 pronusque
311 796 347 858 ad
361 815 411 857 res
425 812 518 856 novas
536 794 631 854 libens
651 812 687 855 ac
706 795 815 874 supinis
837 797 974 857 manibus
996 801 1118 879 excepit,

125 884 205 944 velut
221 881 298 943 dono
317 881 400 941 deum
417 880 555 956 oblatum,
574 888 619 939 ter
634 879 762 940 consulis
777 879 875 958 lilium,
888 888 991 943 estote
1001 883 1122 961 integra,

125 966 205 1029 facili
220 984 255 1027 ac
274 966 399 1046 prodigo
416 966 521 1025 animo.
548 964 639 1038 Quam
655 970 784 1024 veterem
799 963 835 1025 de
851 981 885 1024 se
902 968 1124 1045 persuasionem

124 1051 261 1113 Vitellius
276 1048 443 1110 recentibus
461 1050 545 1107 etiam
563 1047 768 1126 experimentis
784 1055 916 1127 auxerat,
934 1056 1002 1111 tota
1018 1052 1065 1111 uia
1082 1069 1124 1112 ee-

125 1136 280 1213 ligetorum
295 1151 411 1212 quoque
427 1132 546 1191 militum
561 1130 666 1191 obvios
678 1132 863 1210 exosculans,
879 1150 998 1213 perque
1013 1135 1139 1197 stabulai

125 1237 160 1279 ac
175 1216 343 1277 deversoria
357 1214 529 1275 mulionibus
546 1233 580 1276 ae
592 1215 750 1276 viatoribus
762 1217 1012 1294 praetermodum
1025 1222 1122 1301 comis,

125 1311 155 1362 ut
169 1319 251 1362 mene
268 1300 408 1378 singulos,
425 1299 528 1361 tumne
541 1300 725 1376 tentassent,
743 1301 943 1362 sciscitaretur
966 1320 1064 1383 seque
1088 1305 1122 1365 le·

92 1388 203 1455 scisse
218 1393 300 1444 ructu
317 1400 434 1464 quoque
451 1385 628 1445 ostenderet.
665 1382 767 1445 Castra
783 1402 855 1445 vcro
876 1386 1038 1463 ingressus
1059 1387 1120 1449 nili

126 1471 257 1549 cuiquem
274 1469 408 1549 poscenti
423 1471 542 1547 negavit
557 1477 643 1548 atque
658 1470 743 1529 etiarn
758 1469 832 1529 ultro
852 1470 1065 1547 ignominiosis
1079 1488 1120 1533 no

124 1565 179 1631 tas,
195 1555 254 1614 reis
273 1553 387 1630 sordes,
404 1553 543 1614 damnatis
559 1554 702 1633 supplicia
722 1551 855 1632 dempsit.
884 1554 987 1630 Quare
1009 1557 1142 1617 virduna

123 1657 223 1698 mense
236 1647 393 1714 transacto,
407 1656 502 1716 neque
515 1638 571 1697 diei
583 1655 676 1715 neque
689 1638 830 1715 temporis
841 1640 956 1700 ratione
968 1639 1082 1719 habita,
1094 1659 1122 1700 ae

123 1723 180 1783 iam
191 1739 329 1801 vespere,
340 1720 434 1781 subito
446 1719 607 1781 amilitibns
619 1739 636 1780 e
649 1719 782 1781 cubiculo
793 1731 904 1802 raptus,
915 1724 956 1783 ite
968 1732 1001 1784 ut
1012 1734 1088 1802 erat,
1099 1726 1123 1785 in

123 1815 208 1867 veste
223 1806 391 1883 domestica,
409 1808 567 1884 imperator
589 1813 634 1864 est
657 1805 852 1866 consalutatus
878 1806 1122 1889 circumlatusque

125 1909 179 1970 per
196 1890 404 1949 celeberrimos
419 1890 519 1965 vicos,
544 1890 672 1948 strictum
695 1888 760 1949 Divi
780 1889 845 1950 Iulii
865 1889 996 1968 gladium
1009 1899 1121 1969 tenens,

124 1973 284 2033 detractum
299 1972 420 2034 delubro
436 1972 536 2033 Martis
552 1981 637 2052 atque
652 1973 681 2032 in
699 1976 789 2052 prima
807 1974 1003 2053 gratulatione
1019 1993 1142 2057 porse-s

125 2066 200 2118 ctum
216 2057 270 2118 sibi
286 2077 302 2118 a
318 2057 456 2137 quodam;
476 2074 531 2117 nec
547 2065 612 2118 ante
632 2058 661 2116 iu
676 2058 852 2136 praetorium
870 2058 957 2119 rediit
970 2078 1061 2140 quam
1076 2061 1120 2122 da·

123 2150 226 2221 grante
242 2142 366 2202 triclinio
384 2160 422 2201 ex
439 2150 583 2220 conceptu
600 2142 718 2220 camini,
736 2160 799 2201 cnm
816 2142 931 2221 quidem
951 2154 1119 2207 consterna·

122 2228 159 2287 tis
182 2235 211 2286 et
235 2227 315 2305 quasi
337 2227 432 2285 omine
456 2225 580 2285 adverso
604 2226 695 2286 anxiis
718 2226 866 2305 omnibus,
888 2225 996 2305 Bono,
1020 2230 1119 2310 inquit,

123 2311 226 2372 animo
241 2311 355 2371 estote!
369 2308 462 2370 nobis
473 2308 600 2370 adlusit
603 2333 619 2381 ,·
634 2310 713 2370 nullo
730 2328 865 2372 sermone
880 2311 940 2371 alio
957 2314 1037 2392 apud
1051 2314 1120 2395 rnili-¹

122 2405 167 2459 tes
189 2413 267 2454 usus.
306 2392 514 2455 consentiente
536 2393 640 2453 deinde
659 2396 743 2454 etiam
768 2397 929 2475 superioris
946 2399 1118 2476 provinciae
1142 2422 1143 2426 ¹

123 2480 265 2554 exercitu,
282 2479 329 2557 qui
345 2479 427 2557 prius
442 2497 458 2539 a
475 2477 565 2540 Galba
583 2476 618 2538 ad
633 2487 762 2538 senatum
778 2479 939 2557 deiecerat,
954 2498 1119 2559 cognomen

123 2562 285 2623 Germanici
302 2561 425 2623 delatum
437 2562 473 2622 ab
485 2564 627 2622 universis
638 2562 741 2642 cupide
754 2565 877 2644 recepit,
892 2564 1019 2643 Augusti
1033 2565 1118 2627 distu-

90 2659 108 2714 9
122 2645 164 2723 lit,
183 2644 318 2707 (laeseris
332 2648 361 2705 in
377 2655 549 2726 perpetuum
565 2647 720 2706 recusavit.
749 2647 794 2708 Ac
809 2647 930 2708 subinde
946 2649 1043 2711 coede
1055 2650 1117 2713 (tat-

121 2728 178 2790 bae
193 2729 366 2807 adnuntiate,
384 2732 555 2810 compositis
567 2729 744 2792 Germanicis
760 2731 858 2810 rebus,
875 2733 1000 2812 partitus
1011 2744 1060 2795 est
1071 2751 1117 2796 co·

121 2817 196 2894 pias,
213 2833 284 2894 quas
299 2815 438 2876 adversus
452 2813 594 2874 Othonem
606 2817 813 2894 praemitteret,
829 2834 961 2896 quasque
973 2818 1040 2897 ipse
1053 2836 1131 2899 per-

122 2899 249 2959 duceret.
280 2898 442 2960 Praemisso
458 2901 572 2977 agmine
589 2898 694 2960 laetum
710 2902 806 2960 evenit
827 2901 1003 2980 auspicium,
1031 2902 1116 2983 siqui·

121 2984 186 3044 dem
206 3001 222 3042 a
245 2993 327 3062 parte
351 2984 453 3044 dextra
475 2991 597 3062 repente
618 2985 714 3063 aquila
736 2984 900 3063 advolarit,
929 2985 1118 3066 lustratisque

121 3066 213 3145 signis
228 3067 380 3144 ingressos
398 3069 473 3128 viam
491 3068 597 3127 sensim
611 3071 780 3129 antecessit.
811 3069 851 3129 At
863 3077 965 3130 contra
977 3071 1046 3149 ipso
1058 3086 1117 3131 mo

121 3160 223 3229 vente,
247 3158 357 3211 statuae
381 3161 552 3231 equestres,
578 3169 641 3211 cum
668 3152 846 3231 plurifariam
869 3155 896 3213 ei
924 3163 1118 3232 ponerentur,

120 3236 221 3296 tractis
237 3245 358 3314 repente
375 3235 505 3295 cruribus
521 3235 630 3314 paritor
644 3247 830 3316 corrnerunt,
854 3247 883 3298 et
897 3236 1013 3316 laurea,
1032 3257 1118 3319 quem

119 3318 340 3400 religiosissime
364 3318 608 3397 circumdederat,
634 3320 664 3379 in
684 3322 878 3400 protluentem
899 3320 1025 3394 excidit;
1047 3340 1118 3385 mox

119 3401 250 3465 Viennae
266 3421 320 3484 pro
337 3403 470 3464 tribunali
488 3405 549 3463 iura
570 3403 702 3464 reddenti
723 3405 904 3484 gallinaceus
924 3424 1014 3488 supra
1036 3426 1118 3470 nme·

118 3502 180 3551 rum
195 3508 231 3553 oc
247 3488 350 3549 deinde
365 3490 394 3548 in
411 3489 506 3566 eapite
524 3488 620 3547 astitit.
651 3488 763 3564 Quibus
779 3491 901 3552 ostentis
916 3500 972 3569 par·
991 3509 1119 3575 respon·
