2334 3870
160 670 232 743 AD
252 664 536 744 LECTOREM
556 665 860 744 PRAEFATIO.

445 855 592 866 ..-—-.----

134 949 309 1030 Suetoniana
321 973 429 1044 studia,
445 974 681 1046 splendidissimis
698 973 766 1031 olim
778 973 966 1030 sommendat·

56 1057 214 1114 nominibus
227 1057 356 1113 Politiani
371 1057 478 1114 Erasini
494 1058 597 1130 lipsii,
613 1059 714 1114 deinde
728 1056 886 1114 Gasauboni
897 1056 967 1114 (iro-

56 1142 203 1199 noviorum
224 1141 311 1213 patris
340 1147 368 1195 et
387 1141 437 1196 lilii
461 1141 573 1199 Graevii
597 1142 744 1200 Burmanni
773 1138 967 1212 Oudendorpii

55 1225 168 1281 Ernesti
188 1225 332 1281 laboribus
350 1224 514 1296 nobilitata,
534 1233 631 1283 nostro
651 1227 765 1284 saeoulo
782 1225 864 1282 valde
880 1223 965 1280 ratri-

57 1326 177 1378 gesoere
199 1313 362 1380 coeperunt.
407 1307 473 1362 Naro
489 1310 535 1379 qui
552 1311 687 1381 proximis
703 1310 875 1382 temporibus
893 1307 965 1363 Sue-

59 1392 137 1445 tonio
158 1390 267 1443 edendo
288 1404 396 1441 manum
418 1390 614 1457 admoverunt,
637 1393 795 1446 sobolarum
814 1389 965 1445 eommodis

59 1470 208 1527 consulere
235 1470 305 1525 satis
330 1470 486 1525 babuerunt
513 1477 541 1524 et
561 1471 623 1542 ipse
642 1472 802 1526 Friderious
822 1470 966 1538 Augustus

57 1555 153 1622 Wolf,
180 1553 304 1626 quamvis
330 1553 438 1608 oritiois
463 1553 598 1609 subsidiis
628 1571 682 1611 non
707 1554 890 1621 delioeretur,
916 1552 968 1606 do·

57 1646 164 1695 otorum
189 1638 329 1693 bominum
352 1637 556 1709 exspectationi
576 1638 664 1711 impar
684 1639 763 1694 visas
785 1643 837 1692 est.
882 1636 966 1692 Prae-

57 1730 135 1778 terea
157 1720 281 1777 nonnulli
300 1722 334 1776 de
350 1721 403 1776 lide
419 1737 511 1777 rerum
534 1739 549 1776 a
566 1722 728 1794 Tranquillo
745 1720 965 1792 eonsoriptarum

57 1804 191 1862 laudabili
207 1805 300 1860 studio
318 1812 522 1876 exposuerunt;
537 1806 572 1861 de
587 1807 682 1862 verbis
695 1804 874 1861 emendandis
885 1803 965 1863 libri-

59 1907 112 1962 que
128 1888 224 1961 speeie
238 1889 369 1944 universa
386 1889 427 1951 ad
440 1889 586 1961 pristinam
602 1889 792 1961 integritatem
806 1887 965 1945 revooanda

58 1973 149 2027 omnia
166 1978 227 2026 aeta
242 1988 307 2027 esse
321 1973 383 2027 visa
400 1978 471 2027 sunt.
505 1971 601 2045 Neque
617 1974 646 2029 id
662 1989 777 2044 prorsas
793 1973 883 2038 ialso;
904 1970 965 2029 nam

58 2056 93 2109 ab
111 2053 236 2123 egregiis
257 2054 315 2108 illis
332 2054 487 2110 editoribus
510 2063 565 2112 tam
587 2056 654 2112 libri
670 2062 781 2112 veteres
795 2073 896 2128 magno
914 2072 964 2111 au-

58 2153 135 2192 mero
151 2136 278 2206 inquisiti
303 2143 331 2191 et
352 2136 387 2191 ad
404 2139 625 2194 emendationem
645 2139 762 2195 adhibiti
782 2147 863 2209 sunt,
884 2156 965 2210 quam

58 2219 266 2277 emendationes
279 2219 445 2290 ingeniosae
458 2222 597 2293 oorruptis
609 2224 680 2278 loois
693 2223 842 2291 inventae,
856 2229 886 2276 ut
898 2238 965 2277 sane

58 2322 105 2374 qur
98 2305 163 2359 vel
175 2319 303 2360 aoeruum
316 2303 411 2359 variae
424 2304 554 2361 lectionis
572 2323 676 2377 augere
688 2306 849 2362 elaboraret
860 2305 905 2360 val
916 2305 966 2359 ba-

57 2387 186 2442 riolando
202 2404 315 2458 operam
330 2388 425 2458 daret,
439 2405 608 2460 pannorum,
625 2390 698 2445 siout
712 2405 772 2444 rnea
787 2389 843 2443 lert
857 2386 967 2459 opinio,¹

58 2471 176 2542 gratiam
193 2474 269 2526 esset
287 2478 497 2529 oonseouturus.

120 2555 223 2610 Verum
238 2556 292 2611 boo
312 2555 432 2610 nondam
448 2556 516 2612 satis
539 2558 693 2627 perieulum
709 2573 773 2612 esse
789 2555 917 2625 videtur,
936 2561 966 2610 ut

58 2655 94 2694 ex
117 2638 224 2694 infinito
245 2639 379 2695 librorum
400 2656 514 2695 numero
534 2641 631 2712 optimi
654 2647 681 2696 et
705 2638 891 2710 antiquissimi
914 2639 967 2694 eli-

57 2727 158 2792 gantur
173 2738 206 2778 ao
216 2729 352 2794 tamquam
366 2724 451 2779 duoes
464 2723 522 2794 lidi,
540 2740 610 2794 quos
626 2739 760 2794 nusquam
774 2722 828 2778 nisi
845 2721 872 2777 in
885 2738 967 2794 aper-

57 2811 103 2860 tos
126 2822 239 2861 errores
261 2806 411 2862 inoiderint
430 2807 485 2879 ipsi
501 2807 635 2862 deserere
650 2807 751 2875 lioeat,
770 2807 964 2862 observentur.

58 2887 152 2942 blultis
171 2888 200 2943 iu
218 2891 318 2960 rebus,
338 2907 409 2962 quae
428 2891 551 2947 leuiores
566 2891 712 2960 videntur,
734 2896 763 2944 ut
785 2895 828 2945 est
843 2890 966 2945 voeabu-

57 2970 150 3026 loram
162 2971 311 3028 oollooatio
324 2981 371 3028 aut
381 2974 523 3030 seribendi
536 2974 608 3031 ratio
622 2979 668 3030 aut
680 2973 800 3045 capitum
811 2973 966 3042 distinctio,

58 3052 211 3109 editionum
226 3055 350 3127 priorum
366 3063 511 3114 ouratores
526 3075 630 3114 morem
647 3058 733 3113 semel
748 3063 891 3129 receptum
905 3057 966 3113 vul-

57 3142 206 3210 gatumque
223 3139 304 3211 sequi
321 3157 400 3211 quarn
413 3158 449 3196 ax
462 3142 544 3198 libris
556 3142 699 3198 immutare
714 3141 876 3198 maluerunt.
911 3140 967 3195 Sed

57 3228 153 3280 nostra
171 3229 263 3281 aetate
283 3223 456 3281 intelleotum
473 3231 532 3295 est,
552 3226 653 3283 nullam
668 3241 733 3281 esse
752 3225 889 3282 rationem
905 3223 966 3280 vul·
1009 3218 1021 3245 ·'

57 3311 142 3376 gatae
158 3307 290 3365 laetioris
305 3325 339 3368 ao
355 3325 390 3364 ue
401 3309 430 3365 iu
444 3308 562 3366 minimis
577 3310 687 3381 quidem
704 3303 788 3366 rebus
801 3308 965 3376 babendum,

56 3389 111 3445 uisi
140 3392 305 3464 optimorum
331 3393 466 3450 librorum
489 3393 638 3450 aooederet
665 3393 826 3450 auotoritas.
870 3392 965 3463 ltaque
989 3402 992 3407 '
