2334 3870
414 210 624 258 PRAEFATIO.
927 215 975 262 XV

63 372 187 446 ligandis
203 373 286 428 rebus
303 368 404 427 eximia
416 386 449 426 ac
461 371 544 442 plane
561 369 714 442 singularis
727 370 796 426 ddes
811 376 840 429 et
853 371 973 444 diligen-

65 457 115 526 tia,
138 457 166 511 in
191 452 404 512 conscribendis
426 453 573 525 prudentia
604 460 633 509 et
657 455 808 510 verborum
833 455 973 526 elegantia

64 557 138 597 rara.
181 540 222 594 lle
239 535 420 606 lontibus,
438 543 468 591 ut
481 552 552 591 nunc
567 537 716 608 loquimur,
733 537 860 594 Suetonii
878 545 973 596 nostra

64 622 198 681 memoria
218 620 296 676 multi
319 624 437 688 egerunt
450 621 496 675 vel
513 621 631 676 omnium
646 621 691 677 vel
714 620 885 691 singularam
901 622 974 678 vita-

64 723 143 777 rum,
165 713 195 760 nt
210 701 377 771 Schweiger
394 700 517 772 (lolbdrp
532 703 639 759 llrause
659 705 740 760 Prutn
761 703 857 776 Egger
877 705 973 760 Hirnel

64 789 263 855 Wiedemann,
279 799 349 857 quos
361 785 478 841 bonoria
490 801 574 841 causa
586 788 708 858 appello,
724 789 774 843 sed
788 789 861 845 inter
878 805 973 846 omnes

67 870 215 941 convenit,
239 868 342 938 ubique
367 867 486 925 idoneos
512 875 637 924 secutum
662 876 807 940 auctores,
829 889 973 944 numquam

66 953 205 1022 consilio,
220 951 365 1008 rarissime
388 967 487 1008 errore
507 953 580 1008 falsa
601 951 760 1008 tradidisse.
803 955 974 1026 Frequenter

63 1037 220 1108 scriptores
242 1053 258 1093 a
276 1051 307 1091 se
324 1035 468 1092 consultos
483 1034 642 1092 nominatim
658 1034 757 1105 affert,
777 1036 850 1092 Acta
866 1053 975 1108 quoque

63 1120 161 1195 populi
179 1126 208 1176 ct
222 1124 352 1188 senatus,
368 1119 446 1191 ipsas
464 1116 613 1176 Caesarum
629 1118 765 1192 epistolas
784 1122 974 1191 autographas

64 1223 92 1278 p.
111 1209 154 1273 76,
168 1209 212 1262 22.
235 1208 324 1267 197,1
343 1201 465 1273 adquae
488 1201 543 1275 ipsi
566 1202 656 1260 aditus
680 1203 811 1274 patebat,
838 1203 973 1275 inspexit,

64 1305 100 1344 ne
116 1287 220 1345 libellis
237 1287 348 1358 quidem
369 1286 430 1342 sine
453 1287 562 1342 nomine
576 1287 700 1358 vulgatis
720 1286 892 1359 famosisque
908 1304 972 1343 ver-

65 1373 164 1428 siculis
181 1369 331 1440 neglectis,
347 1369 398 1423 sed
415 1369 534 1438 optimos
551 1366 822 1440 quosque'auotores
843 1377 871 1426 et
887 1388 973 1442 quan-

66 1460 124 1506 tum
140 1453 200 1506 lieri
220 1451 313 1520 potuit
332 1450 416 1502 rebus
436 1450 525 1516 gestis
548 1452 680 1518 aequales
700 1459 822 1507 secutus.
867 1452 974 1517 Quanta

69 1550 136 1590 cura
148 1533 176 1587 in
189 1528 355 1588 diuersitate
368 1528 532 1585 tradentium
546 1531 592 1585 rel
607 1530 723 1584 minutas
741 1548 787 1586 res
803 1534 976 1600 tractaverit,

67 1617 197 1688 exemplo
220 1630 284 1671 esse
305 1618 400 1685 potest
425 1629 453 1683 p,
476 1617 526 1671 121
550 1629 592 1684 sq.
610 1613 763 1684 disputatio
782 1613 818 1668 de
841 1613 906 1669 loco
928 1614 977 1670 ubi

68 1699 99 1757 G.
116 1697 242 1768 Caligula
258 1703 338 1753 natus
357 1696 403 1752 sit.
441 1694 529 1762 Quam
545 1697 695 1768 diligenter
711 1696 860 1768 primarios
878 1704 975 1755 aucto·

66 1801 114 1841 ros
127 1782 208 1853 sequi
219 1782 321 1851 soleat,
337 1781 502 1837 documento
515 1787 559 1836 est
569 1780 633 1837 Diri
644 1780 766 1850 Augusti
781 1780 867 1837 index
882 1799 974 1838 reram

66 1886 83 1925 a
112 1884 143 1924 se
164 1872 322 1936 gestarum,
352 1880 433 1935 quern
455 1871 657 1920 monumentum
676 1864 854 1933 Ancyranum
877 1866 973 1921 dicere

67 1949 271 2018 consuevimus,
289 1964 343 2004 non
359 1949 442 2004 modo
457 1953 686 2004 commemoratus
701 1964 727 2018 p.
735 1953 781 2018 85,
796 1953 841 2019 29,
856 1951 907 2006 sed
922 1966 973 2020 per

66 2041 152 2090 totam
168 2033 288 2104 Augusti
305 2032 389 2087 uitam
412 2032 533 2087 collatus
554 2037 583 2087 et
605 2031 634 2086 in
655 2046 733 2087 usum
753 2047 924 2103 conversus,
944 2039 973 2087 ut

67 2131 124 2171 non
138 2131 203 2170 raro
220 2116 267 2169 vel
283 2113 379 2168 cadem
393 2115 479 2170 verba
494 2114 694 2184 remanserint,
709 2121 738 2171 ut
752 2133 779 2188 p.
797 2121 848 2186 46,
864 2122 908 2176 32.
926 2121 971 2184 47,

67 2202 188 2258 13—17.
210 2200 254 2263 67,
268 2200 394 2264 tat-te,
409 2200 434 2255 t.
477 2195 682 2268 Nonnumquam
698 2199 808 2254 nimium
822 2200 971 2256 brevitatis

65 2281 187 2337 studium
201 2278 292 2336 fraudi
309 2277 371 2347 tuit,
387 2285 417 2333 nt
432 2295 503 2350 quae
518 2279 642 2336 discerni
658 2287 685 2335 ct
698 2287 828 2352 poterant
844 2288 871 2336 et
886 2283 973 2337 debe-

64 2367 132 2422 bant
145 2364 174 2420 in
192 2380 274 2420 unum
289 2362 481 2434 coniungeret.
525 2363 566 2418 lle
581 2362 617 2419 iis
632 2363 788 2432 historicis,
803 2379 920 2434 qnorum
937 2363 974 2418 li-

64 2449 109 2506 bri
125 2452 244 2504 aetatem
259 2447 390 2516 tulerunt,
405 2447 544 2503 Velleium
558 2447 706 2519 losephum
718 2447 892 2503 Plutarchum
907 2463 974 2502 nus-

66 2549 147 2604 quam
162 2529 338 2587 consuluissc
353 2530 473 2600 videtur,
492 2531 614 2588 Tacitum
634 2533 659 2587 si
676 2547 727 2603 per
742 2535 861 2588 aetatem
875 2531 972 2602 legere

66 2616 157 2691 potuit
179 2620 207 2670 et
229 2614 315 2685 legit,
336 2613 366 2670 id
391 2615 466 2686 quod
487 2632 514 2686 p.
530 2621 600 2685 186,
623 2621 666 2676 26.
688 2621 753 2685 196,
779 2619 813 2675 37
836 2615 972 2671 credibile

66 2693 140 2774 dt4),
155 2705 233 2757 certe
250 2699 347 2753 ducem
357 2714 454 2769 neque
469 2698 497 2752 in
505 2699 613 2754 Tiberii
626 2700 710 2755 rebus
727 2698 881 2768 tradendis,
899 2699 972 2769 quod

66 2783 181 2840 Sievers
209 2782 340 2854 putabat,
366 2798 456 2853 neque
485 2781 512 2837 in
535 2782 692 2838 rebellione
716 2783 797 2838 trium
817 2781 972 2855 principum

65 2866 220 2924 enarranda
238 2871 351 2922 secutus
367 2871 419 2920 est.

125 2951 156 3004 ln
171 2949 369 3022 componendis
386 2950 470 3006 rebus
493 2967 554 3006 eum
571 2952 631 3006 lere
647 2966 751 3007 morem
766 2957 857 3021 tenet,
878 2957 907 3006 nt
928 2968 973 3006 re-

66 3032 163 3106 petitis
191 3048 227 3087 ex
258 3031 421 3104 antiquitate
452 3034 574 3091 familiae
604 3036 650 3089 vel
683 3034 776 3105 gentis
805 3034 973 3106 originibus,

64 3116 155 3188 ipsius
169 3115 357 3188 imperatoris,
374 3116 452 3172 cuins
464 3118 548 3175 uitam
563 3118 671 3188 scribit,
686 3117 834 3190 pueritiam
849 3117 974 3174 virilem-

133 3264 161 3325 4)
179 3263 258 3316 Multa
275 3279 365 3330 parum
385 3265 479 3315 idonea
493 3266 566 3316 affert
574 3266 672 3317 lirense
687 3266 719 3316 de
731 3264 846 3318 Suetonii
861 3264 974 3316 fontibus

63 3349 89 3399 p.
108 3335 133 3384 4.
150 3334 175 3385 5.
193 3333 235 3386 70.
256 3333 339 3385 Berol.
360 3332 435 3386 1831.
473 3335 538 3386 Male
556 3343 581 3386 et
598 3334 710 3386 birebuhr
723 3337 750 3386 in
768 3335 896 3402 praelectt.
912 3332 972 3385 lrist.

63 3402 136 3454 Rom.
154 3401 170 3453 3
189 3419 215 3471 p.
233 3402 285 3454 204
303 3401 388 3469 (aliter
405 3419 431 3470 p.
453 3403 498 3468 28)
523 3412 548 3455 et
567 3404 709 3457 Boettlcher
726 3406 753 3454 ln
771 3404 853 3455 lexico
872 3401 973 3454 Taciteo

62 3485 90 3536 p.
110 3470 184 3521 XXll
202 3472 316 3524 'lacltum
334 3481 454 3541 putarant
467 3482 527 3542 post
542 3473 689 3526 Suetonium
707 3474 849 3542 scripsisse.
