2286 3862
81 162 140 223 iio
170 169 200 219 c.
213 159 368 218 eunucus
382 163 508 223 unna.
524 159 575 209 nm
591 162 671 210 vius
690 162 879 213 caussatus
898 164 977 215 m.
991 166 1061 217 1111.

83 326 169 386 minuo
187 320 433 403 praetermodum
453 321 656 397 intemperans.
699 316 838 399 Repetite
857 334 976 399 caena,
999 338 1098 384 renun-

84 409 179 470 tiantis
204 414 335 467 eoactum
352 423 457 482 agrnen
482 404 557 463 sicut
578 408 660 462 erant
680 399 819 462 loricatos
845 400 886 464 ad
913 400 1097 467 discumbet·

85 493 150 553 dunr
164 490 330 553 adhortatus
352 497 405 549 est.
449 487 560 548 llonuit
580 485 665 546 etiam
690 486 841 547 notissimo
865 486 991 565 virgili
1008 506 1094 568 versu,

86 576 238 638 durarent
250 572 454 650 secundisque
468 588 503 631 se
517 568 612 631 redas
625 575 797 631 secarent.

147 658 245 738 Atque
265 658 339 716 inter
355 655 429 715 haec
449 654 597 715 absentem
617 661 747 714 sensnm
760 652 978 735 populumque
994 659 1100 735 munes

86 744 158 804 simo
181 741 345 817 obiurgavit
364 738 475 816 edicto,
498 737 576 817 quod
597 734 737 799 Caesare
748 736 940 817 proeliante
960 746 999 801 et
1015 740 1084 803 nra

87 823 316 887 discriminibus
343 820 478 899 obiecto,
505 820 686 900 tempestiua
715 821 882 900 concina,
922 822 1093 887 &aaa

44 910 210 976 inthaatra
224 914 255 968 et
265 924 410 968 amoenos
425 923 566 967 secessm
583 904 784 967 celemarent.
828 903 1003 969 Postremo
1026 909 1096 989 qusai

87 1000 303 1074 perpetraturus
322 990 447 1069 bellum,
469 990 578 1051 directa
604 990 667 1049 acie
683 991 712 1050 in
727 990 813 1050 litore
829 988 953 1052 Oceani
970 1010 1011 1053 ac
1025 992 1097 1055 balli·

87 1078 138 1140 stis
153 1075 350 1154 machinisque
364 1075 527 1154 dispositis,
550 1074 664 1133 nemine
678 1088 769 1152 gnaro
786 1081 836 1135 aut
849 1074 1009 1153 opinante
1027 1074 1119 1156 quid-n

86 1179 151 1222 nam
165 1169 322 1239 coepturus
345 1167 443 1235 esset,
475 1166 597 1236 repente
616 1165 647 1215 ut
666 1155 793 1218 conchas
814 1156 965 1235 legerent
987 1158 1099 1239 galeas

88 1262 144 1324 que
167 1252 197 1302 et
226 1245 303 1302 sinus
334 1242 483 1322 replerent
510 1241 678 1321 imperavit,
711 1240 815 1320 spolia
837 1238 971 1305 Oceani
993 1260 1100 1305 vocaus

87 1326 243 1404 Capitolio
259 1326 442 1405 Palatioque
457 1323 577 1402 debita,
606 1333 636 1385 et
650 1325 679 1385 in
693 1324 828 1385 indicium
844 1325 1006 1389 victoriae
1028 1327 1100 1390 ultis

86 1411 185 1472 simam
199 1419 305 1470 turrem
321 1411 473 1487 excitavit,
497 1428 535 1470 ex
552 1427 608 1488 qua
624 1417 654 1468 ut
668 1409 761 1470 Pharo
779 1407 920 1470 noctibus
940 1409 982 1472 ud
998 1429 1100 1490 regen·

86 1494 139 1557 dos
159 1495 273 1554 navium
295 1511 396 1554 cursus
423 1494 506 1571 ignes
532 1494 703 1563 emicarent;
737 1494 996 1574 pronuntiatoque
1026 1495 1121 1556 mittit

86 1578 221 1639 donativo
253 1579 382 1638 centenis
410 1578 513 1637 viritim
537 1576 679 1654 denariis,
703 1577 784 1656 quasi
811 1593 899 1637 omne
930 1579 1102 1660 exemplum

85 1661 267 1722 liberalitatis
287 1679 498 1739 supergressus
518 1658 625 1737 Atiae,
646 1661 751 1739 iuquit,
774 1659 864 1736 iacti,
897 1659 994 1723 abite
1021 1662 1101 1725 iactr

110 1745 201 1807 letes!
925 1777 929 1783 ·

43 1763 107 1895 sip
152 1828 317 1890 Conversus
338 1828 405 1888 hinc
419 1827 455 1889 ad
476 1845 572 1889 curam
593 1826 741 1907 triumphi,
764 1835 882 1906 praeter
905 1830 1103 1909 captivasse

86 1912 251 1989 transfugas
272 1910 413 1973 barbaros
428 1910 581 1974 Galliarum
596 1928 712 1991 quoque
738 1910 985 1990 procerissimum
1005 1924 1124 1997 quemi

88 2014 145 2074 que
172 2003 202 2053 et
229 1997 353 2075 (utipse
368 1994 498 2072 dicebat)
523 1983 844 2076 ἄξιοθριάμβευτον,
874 2012 912 2056 ac
936 1998 1103 2061 nonnullos

87 2098 126 2139 ex
143 2078 320 2157 principibus
332 2078 405 2156 legit
421 2096 456 2140 ao
476 2081 607 2158 seposuit
627 2079 662 2140 ad
683 2095 833 2157 pompam,
857 2081 1032 2162 coegitque
1048 2098 1104 2145 non

85 2171 193 2224 tantum
222 2162 339 2224 rutilare
368 2170 397 2222 et
425 2163 602 2224 summittere
631 2181 757 2240 comam,
790 2161 843 2223 sed
870 2170 900 2223 et
928 2181 1104 2229 sermonen

88 2246 286 2307 Germanicum
304 2246 454 2308 addiscere
469 2256 499 2307 et
514 2248 628 2309 nomina
642 2246 794 2309 barbarica
809 2246 897 2307 ierne.
936 2247 1103 2333 Praecepit

88 2332 172 2392 etiam
187 2333 326 2408 triremis,
348 2331 451 2409 quibus
473 2332 622 2392 introierat
643 2331 805 2408 Oceanum,
825 2347 932 2408 magna
955 2350 1001 2395 ex
1017 2342 1126 2416 periei

87 2415 189 2474 itinere
212 2416 343 2476 terrestri
362 2414 484 2477 Romam
505 2415 618 2476 devehi.
650 2416 773 2494 Scripsit
794 2423 824 2475 et
838 2418 1102 2497 procuratoribus,

86 2497 258 2576 triumphurn
287 2509 461 2578 appararent
487 2517 568 2578 quam
593 2499 706 2559 minima
731 2517 855 2576 summa,
888 2499 943 2561 sed
970 2511 1103 2582 quantus

86 2599 237 2660 numquam
262 2582 334 2642 alius
361 2582 479 2659 luisset,
505 2583 618 2662 quando
645 2583 673 2643 in
697 2584 821 2648 omnium
843 2581 993 2645 homiuum
1023 2585 1102 2648 bona

86 2666 130 2725 ius
144 2664 293 2726 haberent.

43 2759 78 2815 48
150 2748 232 2808 Prius
248 2767 332 2829 quam
350 2750 500 2829 provincia
514 2749 686 2829 decederet,
705 2751 856 2812 consilium
870 2750 932 2812 iniit
946 2751 1129 2816 nefanduen

86 2832 262 2909 atrocitatis,
285 2834 436 2911 legiones,
460 2852 533 2912 quae
556 2843 624 2913 post
648 2852 802 2895 excessum
825 2834 951 2913 Augusti
973 2837 1101 2901 seditio·

86 2935 151 2977 nem
174 2915 241 2976 olim
260 2926 428 2995 moverant,
459 2918 689 2996 contrucidandi,
720 2919 798 2999 quod
820 2928 849 2981 et
874 2925 989 2997 patrem
1015 2939 1102 2983 suum

87 3001 285 3065 Germanicum
303 3000 406 3062 ducern
421 3009 450 3062 et
465 3020 498 3062 se
516 3001 652 3063 infantem
668 3011 736 3063 tunc
757 3001 960 3079 obsedissent,
983 3004 1101 3086 vixque

87 3094 175 3147 atam
196 3085 349 3163 praecipiti
367 3087 544 3162 cogitatione
559 3094 728 3164 revocatus,
759 3086 882 3148 inhiberi
906 3084 987 3147 nullo
1006 3089 1100 3151 modo

88 3171 180 3248 potuit
203 3168 270 3247 quin
294 3167 440 3229 decimare
468 3170 546 3231 velle
576 3179 791 3250 perseveraret.
835 3172 965 3231 vocatas
993 3170 1132 3253 itaquest

88 3253 124 3312 ad
141 3253 310 3314 concionem
325 3253 466 3330 inermes,
488 3262 575 3332 atque
598 3256 683 3315 etiam
702 3253 807 3331 gladiis
827 3253 986 3334 depositis,
1013 3259 1101 3336 equi·

88 3345 146 3397 tatu
158 3346 264 3397 armato
277 3334 472 3397 circumdedit.
517 3336 577 3396 Sed
600 3356 663 3398 com
684 3337 797 3398 videret
817 3344 955 3417 suspecta
976 3356 1014 3398 re
1034 3341 1100 3420 ple·

89 3438 198 3500 rosque
219 3420 305 3481 dilabi
321 3418 357 3480 ad
374 3417 545 3480 resumenda
562 3420 656 3500 siqua
674 3422 717 3481 vis
733 3423 817 3482 lieret
838 3438 932 3498 arma,
960 3423 1104 3503 profugit
