2286 3862
418 215 525 266 -o1vns
547 215 740 265 accusans.
1036 205 1072 268 81

58 348 67 360 ⁰
133 375 259 436 Sumenti
280 373 396 435 virilem
418 378 518 450 togam
538 373 635 434 tunica
651 372 702 434 lati
719 374 810 454 clari,
832 383 930 436 resuta
945 392 983 434 cx
999 381 1074 434 utra·

70 477 127 540 que
144 466 242 541 parte,
267 457 303 521 ad
326 457 420 538 pedes
442 455 556 517 decidit.
587 452 715 519 Puerunt
736 458 784 560 qpi
801 421 1074 560 interpretarentur,

10 440 16 648 Ξ
68 563 127 605 non
149 543 225 606 aliud
243 544 428 645 siguificare,
449 559 533 620 quam
546 545 601 603 ut
591 561 617 604 rs
634 543 706 604 ordo
724 545 804 605 euius
820 545 935 622 insigne
952 544 981 603 id
996 552 1075 605 esset

68 629 243 710 quandoque
260 647 287 688 er
280 628 492 689 subiceretur.

41 733 56 775 s
126 713 216 793 Apud
237 712 372 775 blandam
391 709 481 772 Divus
502 709 607 790 lulius,
632 712 734 775 eastris
752 715 848 776 locum
870 715 990 794 capiens
1013 731 1075 774 cum

10 807 11 818 ¹
67 799 172 859 silvam
202 797 356 876 caederet,
382 796 517 858 arborem
545 795 659 877 palmae
680 807 825 878 repertam
851 799 1077 860 conservarint

57 892 154 943 omen
177 882 318 943 victoriae
339 881 437 951 iussit;
459 899 498 940 ex
518 898 553 940 ea
570 882 707 942 contiuuo
724 892 807 944 errata
824 883 942 944 suboles
958 882 1056 944 adeo'
1047 899 1076 942 ιιι

67 969 169 1047 paucis
186 966 287 1028 diebus
301 966 446 1043 adolevit,
469 974 500 1025 ut
519 980 579 1025 non
595 967 800 1046 aequiperaret
814 968 901 1029 modo
915 969 1075 1047 matricem,

10 1068 11 1074 ’
64 1069 165 1112 verum
198 1060 228 1111 et
257 1051 414 1129 obtegeret
444 1049 739 1130 frequentareturque
767 1051 965 1113 columbarum
990 1051 1075 1130 nidis,

10 1141 12 1144 ’
27 1154 54 1196 ιο
66 1137 196 1216 quamvis
218 1136 247 1196 id
270 1136 362 1197 atium
384 1153 478 1235 genus
496 1133 594 1194 duram
612 1142 640 1193 et
656 1152 790 1215 asperam
805 1136 938 1196 frondem
954 1137 1076 1197 maxime

10 1293 12 1298 ,
64 1224 143 1282 vitet
174 1218 230 1282 lllo
248 1229 278 1282 et
299 1221 459 1302 praecipue
476 1227 592 1280 ostento
608 1227 716 1279 motum
732 1217 890 1280 Gaesarem
905 1223 1015 1298 ierunt,
1039 1240 1075 1280 ne

65 1324 150 1386 quem
166 1306 251 1367 alium
267 1303 322 1365 sibi
337 1303 499 1365 succedere
517 1321 601 1381 quam
617 1305 729 1365 sororis
744 1313 882 1384 nepotem
898 1304 998 1365 vellet

126 1389 159 1450 ln
183 1407 304 1450 secessu
323 1388 501 1469 Apolloniae
518 1387 686 1465 Theogenis
707 1388 900 1451 mathematici
921 1390 1073 1468 pergulam

10 1483 11 1487 ’
67 1475 173 1536 comite
188 1474 323 1555 Agrippa
346 1472 533 1543 ascenderat;
558 1490 622 1531 eum
636 1472 805 1553 Agrippae,
830 1475 879 1555 qui
900 1475 980 1553 prior
1006 1491 1073 1534 eon-

27 1575 56 1618 ιι
66 1558 181 1620 sulebat
188 1575 318 1637 ,magna
336 1567 366 1619 ct
380 1576 473 1638 paene
489 1554 669 1619 incredibilia
684 1558 932 1638 praedicerentur,
947 1559 1073 1619 reticere

63 1645 129 1724 ipse
145 1604 307 1722 gehituram
323 1661 403 1704 suam
418 1661 474 1704 nec
494 1641 572 1703 velle
590 1640 678 1703 edere
695 1643 923 1723 perseverabat,
945 1653 1021 1704 metu
1038 1662 1073 1705 ae

62 1727 175 1828 pudore
192 1747 229 1788 ne
247 1729 340 1790 minor
354 1728 542 1788 inveniretur
574 1728 636 1803 Qua
653 1735 748 1789 tamen
766 1738 834 1808 post
848 1728 952 1789 multas
969 1727 1073 1789 adhor-

61 1814 188 1874 tationes
203 1813 253 1873 vix
269 1822 297 1874 et
312 1821 481 1874 cunctanter
499 1809 591 1890 edita,
609 1813 720 1873 exilivit
736 1813 912 1892 Theogenes
930 1812 1072 1874 adoravit-

63 1917 119 1979 que
142 1915 216 1958 curn.
255 1897 374 1959 Tantam
394 1915 463 1958 mox
489 1896 621 1958 induciam
646 1898 699 1958 iati
725 1898 875 1977 Augustus
901 1897 1015 1974 habuit,
1044 1905 1074 1956 ut

23 1983 159 2044 cethema
181 2000 262 2043 suum
282 1981 447 2061 vulgaverit
468 1999 666 2061 nummumque
688 1992 857 2061 argenteum
878 1993 946 2044 nota
969 1943 1073 2042 sideris

63 2066 252 2148 Capricorni,
272 2085 328 2146 quo
344 2075 427 2126 natus
444 2074 505 2143 est,
521 2068 709 2145 percusserit.
794 2108 797 2115 .

126 2150 197 2212 Post
212 2169 314 2212 necem
331 2148 468 2212 Caesaris
483 2167 605 2210 reverso
623 2150 658 2210 ab
671 2151 830 2232 Apollonia
846 2161 876 2212 et
891 2152 1072 2230 ingrediente
1081 2161 1116 2217 95

63 2256 98 2298 eo
122 2235 239 2315 urbem,
259 2245 382 2316 repente
404 2233 513 2316 liquido
535 2253 570 2295 ac
588 2253 661 2315 puro
683 2254 788 2296 sereno
807 2237 932 2297 circulus
954 2238 989 2296 ad
1005 2254 1071 2315 spe·

63 2324 137 2384 ciem
160 2321 298 2382 caelestis
319 2338 406 2382 arcus
429 2320 530 2380 orbem
551 2319 623 2380 solis
645 2321 759 2398 ambiit,
785 2340 819 2381 ac
841 2320 961 2381 subinde
981 2321 1071 2381 Iuliae

24 2405 201 2468 occaecaris
223 2405 300 2467 tiliae
317 2407 521 2466 monimentum
541 2403 659 2466 fulmine
682 2408 768 2466 ictum
784 2414 838 2466 est.
865 2405 959 2467 Primo
976 2415 1070 2467 autem

64 2489 215 2554 consulatu
241 2499 270 2551 et
291 2491 439 2569 augurium
462 2490 588 2570 capienti
605 2489 756 2552 duodecim
772 2511 805 2552 se
822 2490 951 2552 vultures
966 2499 995 2551 ut
1012 2491 1070 2552 Ro·

60 2575 138 2637 mulo
158 2573 362 2654 ostenderunt,
384 2585 413 2635 et
430 2575 586 2636 immolanti
607 2577 731 2638 omniurn
748 2578 926 2637 victimarum
941 2576 1071 2637 iocinera

60 2660 202 2742 replicata
214 2660 387 2722 intrinsecus
402 2659 438 2721 ab
451 2660 506 2720 ima
518 2659 590 2721 fibra
603 2669 771 2741 paruerunt,
786 2663 900 2722 nemine
912 2661 1070 2741 peritorum

62 2745 147 2806 aliter
162 2744 326 2807 coiectante
341 2763 425 2825 quam
440 2745 517 2806 laeta
532 2763 587 2825 per
600 2746 674 2806 haec
689 2755 718 2807 et
733 2764 838 2824 magna
854 2744 995 2826 portendi.

25 2853 52 2896 eo
125 2829 200 2904 Quin
222 2837 252 2890 et
266 2829 411 2891 bellorum
429 2829 552 2891 omniurn
570 2840 692 2892 eventus
706 2840 772 2891 aute
789 2831 961 2910 praesensit.
994 2828 1111 2900 Gon-95

62 2914 164 2974 tractis
179 2911 214 2974 ad
227 2912 386 2976 Bononiam
400 2915 612 2975 triumvirorum
629 2917 740 2996 copiis,
758 2916 853 2994 aquila
867 2916 991 2975 tentorio
1008 2916 1070 2974 eius

62 2996 260 3078 supersedens
275 2999 347 3060 duos
362 3016 468 3060 corvos
481 2998 548 3060 hinc
564 3009 594 3060 et
609 2999 674 3061 inde
690 2999 852 3060 infestantis
869 2999 972 3060 aitlixit
989 3008 1018 3058 et
1035 2996 1069 3056 ad

60 3093 169 3144 terram
185 3082 277 3156 dedit;
295 3092 411 3146 notante
427 3083 504 3145 omui
521 3085 660 3162 exercitu,
677 3084 798 3144 laturam
812 3083 984 3165 quandoque
997 3083 1070 3141 inter

62 3168 196 3246 collegas
213 3167 385 3230 discordiam
395 3168 488 3237 ,talem
506 3168 598 3248 qualis
615 3177 714 3229 secuta
731 3179 791 3248 est,
813 3179 842 3230 et
861 3169 968 3229 exitum
986 3183 1068 3245 prae·

24 3255 204 3331 essagiente.
228 3252 370 3335 Philippis
386 3253 546 3315 Thessalus
563 3253 675 3334 quidam
692 3253 727 3315 de
743 3255 837 3314 futura
854 3251 976 3312 victoria
1000 3269 1067 3310 nuu-

60 3338 141 3398 tiavit
162 3347 283 3400 auctora
298 3337 374 3401 Divo
390 3335 538 3416 Caesare,
560 3340 640 3399 cuius
661 3339 717 3400 sibi
738 3341 856 3420 species
878 3335 982 3395 itinere
1004 3335 1061 3397 avi(

60 3423 247 3484 occurrisset.

126 3503 211 3576 Circa
227 3506 393 3586 Perusiam,
418 3508 563 3570 sacrilieio
580 3526 638 3569 nou
652 3508 743 3569 litanti
764 3525 828 3567 cum
844 3506 947 3586 augeri
960 3506 1070 3569 hostias

69 3611 223 3653 sacremus.
842 3593 862 3655 6
