2286 3862
99 186 140 246 52
195 196 225 244 c.
242 192 393 243 sunnonr
408 191 536 251 nemo.
551 190 599 237 nn
614 188 698 236 uma
714 186 901 236 censumar
915 188 989 237 nun.
1006 189 1049 236 11.

99 352 230 412 Arimino
246 360 330 410 tenus
345 346 513 424 munienda,
529 345 659 423 reliquas
673 341 893 423 triumphalibus
911 344 987 403 viris
1002 361 1046 404 ex
1062 362 1119 406 ma·

98 436 206 497 nubiali
222 434 346 514 pecunia
361 430 533 492 sternendas
547 427 701 489 distribuit.

161 519 262 580 Aedes
276 535 377 579 sacras
393 524 537 576 vetustate
554 513 711 594 conlapsas
726 519 777 572 aut
787 511 923 573 incendio
941 510 1120 595 abrumpas

98 606 204 666 reiecit
222 621 331 683 easque
354 609 384 662 et
405 607 520 661 ceteras
539 597 769 678 opulentissimis
789 596 874 657 donis
888 594 1074 679 adornavit,
1094 611 1120 661 nt

99 691 145 770 qui
160 691 190 749 in
206 687 310 749 cellam
326 683 482 766 Capitolini
496 684 576 745 lovis
596 683 726 744 sedecim
739 682 817 743 milia
831 680 929 762 pondo
953 685 1022 743 auri
1041 699 1131 763 gem

97 791 217 853 masque
245 790 280 831 ac
306 771 478 847 margaritas
505 770 689 848 quingenties
714 768 841 827 sestertii
868 783 923 827 una
952 766 1113 831 donatione

55 881 86 934 gp
100 857 264 919 contulerit.
319 854 476 934 Postquam
503 870 575 913 vero
602 852 799 932 pontificatum
822 851 997 930 maximum,
1035 872 1118 935 quem

98 959 249 1021 numquam
269 942 338 999 vivo
358 938 470 1018 Lepido
497 938 613 998 auferre
636 937 827 1014 sustinuerat,
855 944 974 997 mortuo
1003 937 1120 999 demun

98 1027 244 1106 suscepit,
261 1022 399 1104 quidquid
414 1021 597 1083 fatidicorum
611 1021 752 1082 librorum
767 1020 872 1082 Graeci
889 1020 1057 1101 Latinique
1071 1042 1119 1102 ge

97 1111 177 1172 neris
200 1109 287 1169 nullis
310 1108 358 1167 uel
378 1125 478 1186 parum
504 1104 617 1166 idoneis
642 1102 811 1165 auctoribus
836 1104 926 1182 vulgo
949 1105 1140 1188 ferebatur,o

98 1213 186 1274 supra
199 1194 255 1254 duo
271 1193 348 1252 milia
365 1200 514 1252 contracta
529 1189 654 1268 undique
669 1191 809 1250 cremavit
828 1207 863 1251 ac
886 1189 974 1251 solos
995 1195 1120 1254 retinuit

98 1278 276 1355 Sibyllinos,
302 1275 357 1337 hos
379 1293 494 1355 quoque
517 1273 625 1335 dilectu
645 1274 760 1345 babito;
785 1273 976 1353 condiditque
999 1276 1120 1339 duobus

96 1363 200 1424 forulis
223 1362 329 1423 auratis
355 1361 407 1421 sub
428 1360 550 1421 Palatini
574 1358 723 1439 Apollinis
746 1359 821 1419 basi.
859 1359 977 1421 Annum
1000 1380 1021 1423 a
1042 1361 1119 1424 Divo

95 1448 170 1510 lulio
193 1447 368 1524 ordinatum,
391 1445 443 1506 sed
465 1454 571 1525 postea
592 1444 782 1524 neglegentia
803 1443 1011 1505 conturbatum
1029 1457 1118 1528 utque

98 1532 265 1611 confusum,
282 1549 382 1592 rursus
398 1532 434 1592 ad
450 1532 599 1610 pristinam
612 1532 755 1590 rationem
770 1527 902 1605 redegit;
919 1529 950 1588 in
968 1532 1060 1593 cuius
1076 1551 1143 1594 ons

96 1616 243 1679 dinatione
269 1617 411 1677 Sextilem
434 1632 563 1674 mensem
591 1633 607 1673 e
638 1632 691 1674 suo
718 1616 892 1692 cognomine
920 1620 1118 1696 nuncuparit

96 1704 190 1779 magis
211 1720 295 1779 quam
316 1699 519 1780 Septembrem
542 1715 599 1776 qno
622 1707 685 1758 erat
705 1708 805 1776 natus,
829 1697 905 1777 quod
925 1697 989 1759 boc
1012 1702 1119 1762 sibiet

96 1789 205 1866 primus
225 1783 392 1843 consulatus
415 1791 445 1842 et
466 1783 597 1859 insignes
618 1784 760 1842 victoriae
782 1784 972 1863 optigisseut.
1007 1786 1117 1848 Sacer·

97 1870 194 1930 dotum
210 1875 240 1927 ct
254 1884 401 1924 numerum
418 1875 448 1925 et
459 1865 628 1942 dignitatem
644 1865 696 1926 sed
712 1877 741 1926 et
753 1865 904 1928 commoda
915 1871 1009 1949 auxit,
1031 1889 1117 1951 prae·

97 1955 183 2033 cipue
209 1948 370 2010 Vestalium
399 1950 551 2027 virginum.
598 1948 728 2031 Cumque
760 1954 789 2011 in
813 1952 988 2017 demortuae
1014 1954 1141 2018 locumtt

96 2037 182 2097 aliam
204 2035 270 2112 capi
293 2042 460 2113 oporteret,
483 2034 682 2116 ambirentque
702 2037 783 2098 multi
804 2055 841 2097 ne
857 2037 931 2097 illias
945 2039 978 2099 in
1000 2050 1116 2103 sortem

96 2121 211 2195 darent,
234 2116 389 2197 adiurarit,
416 2120 440 2180 si
462 2121 627 2200 cuiusquam
645 2123 772 2201 neptium
795 2139 908 2181 suarum
924 2134 1117 2204 competeret

96 2212 194 2280 aetas,
211 2202 373 2265 oblaturum
388 2204 526 2265 sciuisse
542 2224 614 2267 earn.
648 2206 794 2267 Nonnulla
816 2206 902 2284 etiarn
923 2225 964 2267 ex
987 2211 1116 2291 antiquis

96 2290 269 2348 caerimonis
295 2290 432 2369 paulatim
457 2289 565 2351 abolita
589 2293 730 2368 restituit,
758 2300 788 2350 ut
809 2290 917 2351 Salutis
943 2296 1114 2372 augurium,

94 2372 177 2432 Diale
194 2373 357 2453 flaminium,
373 2393 487 2437 sacrum
500 2375 671 2455 Lupercale,
687 2376 773 2437 ludos
789 2376 965 2436 Saeculares
982 2387 1013 2439 et
1026 2377 1138 2441 Com-u

95 2456 251 2537 pitalicios.
283 2458 493 2538 Lupercalibus
514 2462 606 2521 vetuit
627 2479 746 2522 currere
772 2459 926 2537 inberbes,
946 2461 1020 2523 item
1043 2466 1113 2525 Sue·

96 2540 242 2603 caloribus
262 2542 336 2603 ludis
358 2546 479 2605 iuvenes
502 2546 650 2625 utriusque
674 2565 763 2607 sexus
785 2545 933 2625 pronibuit
948 2545 1045 2608 ullum
1063 2566 1113 2608 no·

95 2635 225 2687 oturnum
241 2627 440 2706 spectaculum
455 2629 643 2708 frequentare
657 2631 713 2691 nisi
725 2649 788 2691 cum
802 2630 898 2710 aliquo
912 2631 1029 2693 maiore
1046 2642 1113 2695 natu

95 2712 333 2790 propinquorum.
373 2710 551 2792 Compitales
572 2714 662 2776 lares
687 2716 784 2775 ornari
806 2714 850 2774 bis
874 2733 948 2776 anno
974 2716 1111 2795 instituit,

94 2796 192 2854 vernis
208 2794 329 2856 lloribus
346 2806 375 2858 et
389 2800 516 2859 aestivis.
1119 2816 1139 2858 o

158 2879 324 2940 Proximum
339 2901 355 2943 a
372 2882 415 2943 dis
433 2884 641 2945 immortalibus
660 2883 801 2944 honorem
822 2885 982 2945 memoriae
1005 2886 1112 2947 ducum

94 2966 252 3044 praestitit,
270 2970 317 3045 qui
332 2969 482 3048 imperium
502 2967 534 3029 P.
553 2969 589 3030 R.
606 2987 644 3029 ex
660 2969 775 3030 minimo
792 2969 944 3030 maximum
965 2970 1111 3032 reddidis

94 3059 169 3109 sent.
201 3049 303 3129 ltaque
318 3061 347 3113 et
362 3070 454 3132 opera
470 3055 609 3134 cuiusque
623 3053 804 3115 manentibus
824 3053 913 3113 titulis
929 3057 1062 3117 restituit
1083 3063 1112 3117 et

94 3143 205 3195 statuas
227 3138 349 3196 omnium
368 3138 531 3218 triumphali
547 3139 647 3215 effigie
663 3139 692 3197 in
710 3148 831 3218 utraque
847 3139 904 3199 fori
929 3140 973 3199 sui
990 3143 1111 3220 porticu

94 3218 254 3297 dedicarit,
279 3220 431 3300 professus
453 3222 549 3283 edicto
573 3229 771 3284 commentum
790 3222 825 3283 id
846 3240 896 3295 ce,
915 3230 950 3282 ut
969 3223 1017 3285 ud
1036 3224 1139 3287 illo-³⁵

93 3321 161 3362 mem
184 3303 265 3365 uelut
290 3307 451 3385 exemplar
477 3307 610 3385 etipse,
639 3307 711 3368 dom
734 3308 866 3383 oioerct,
892 3313 922 3367 ct
943 3327 1108 3390 cousequen-

93 3386 166 3446 tium
194 3391 340 3450 aetatium
364 3391 524 3470 principes
550 3392 745 3472 exigerentur·
772 3390 943 3454 ueioibua.
984 3392 1110 3475 Pompei

94 3487 208 3551 qnoque
233 3482 355 3536 statuam
383 3484 483 3536 contra
504 3475 608 3537 theatri
629 3479 691 3538 eius
713 3479 823 3555 regiam
846 3494 1012 3540 marmoreo
1034 3477 1109 3542 lano
