<?xml version="1.0" encoding="UTF-8"?>
<!DOCTYPE html PUBLIC "-//W3C//DTD XHTML 1.0 Transitional//EN"
    "http://www.w3.org/TR/xhtml1/DTD/xhtml1-transitional.dtd">
<html xmlns="http://www.w3.org/1999/xhtml" xml:lang="en" lang="en">
 <head>
  <title>
</title>
<meta http-equiv="Content-Type" content="text/html;charset=utf-8" />
  <meta name='ocr-system' content='tesseract 3.04.00' />
  <meta name='ocr-capabilities' content='ocr_page ocr_carea ocr_par ocr_line ocrx_word'/>
</head>
<body>
  <div class='ocr_page' id='page_1' title='image "./csuetonitranqui00trangoog_0175.png"; bbox 0 0 2286 3862; ppageno 0'>
   <div class='ocr_carea' id='block_1_1' title="bbox 142 195 1083 258">
    <p class='ocr_par' dir='ltr' id='par_1_1' title="bbox 142 195 1083 258">
     <span class='ocr_line' id='line_1_1' title="bbox 142 195 1083 258; baseline -0.011 -2"><span class='ocrx_word' id='word_1_1' title='bbox 142 195 182 256; x_wconf 87' lang='grc'><strong>64</strong></span> <span class='ocrx_word' id='word_1_2' title='bbox 221 201 420 254; x_wconf 82' lang='lat' dir='ltr'><strong>c.suenon1</strong></span> <span class='ocrx_word' id='word_1_3' title='bbox 438 197 566 258; x_wconf 67' lang='lat' dir='ltr'><strong>nuno.</strong></span> <span class='ocrx_word' id='word_1_4' title='bbox 583 196 631 246; x_wconf 78' lang='lat' dir='ltr'><strong>ne</strong></span> <span class='ocrx_word' id='word_1_5' title='bbox 647 198 729 244; x_wconf 79' lang='lat' dir='ltr'><strong>vmm</strong></span> <span class='ocrx_word' id='word_1_6' title='bbox 745 196 931 245; x_wconf 79' lang='lat' dir='ltr'><strong>usussennr</strong></span> <span class='ocrx_word' id='word_1_7' title='bbox 945 196 1020 246; x_wconf 80' lang='lat' dir='ltr'><strong>nse.</strong></span> <span class='ocrx_word' id='word_1_8' title='bbox 1036 196 1083 247; x_wconf 94' lang='grc' dir='ltr'><strong>ιι.</strong></span> 
     </span>
    </p>
   </div>
   <div class='ocr_carea' id='block_1_2' title="bbox 141 350 1143 523">
    <p class='ocr_par' dir='ltr' id='par_1_2' title="bbox 141 350 1143 523">
     <span class='ocr_line' id='line_1_2' title="bbox 141 350 1143 434; baseline -0.017 -12"><span class='ocrx_word' id='word_1_9' title='bbox 141 366 250 432; x_wconf 59' lang='lat' dir='ltr'><strong>retum·</strong></span> <span class='ocrx_word' id='word_1_10' title='bbox 273 368 302 418; x_wconf 91' lang='lat' dir='ltr'><strong>et</strong></span> <span class='ocrx_word' id='word_1_11' title='bbox 324 354 570 417; x_wconf 75' lang='lat' dir='ltr'><strong>consentientibus</strong></span> <span class='ocrx_word' id='word_1_12' title='bbox 594 354 737 414; x_wconf 85' lang='lat' dir='ltr'><strong>universis</strong></span> <span class='ocrx_word' id='word_1_13' title='bbox 765 351 840 413; x_wconf 86' lang='lat' dir='ltr'><strong>sedit</strong></span> <span class='ocrx_word' id='word_1_14' title='bbox 864 352 894 413; x_wconf 94' lang='lat' dir='ltr'><strong>in</strong></span> <span class='ocrx_word' id='word_1_15' title='bbox 918 350 1078 414; x_wconf 72' lang='lat' dir='ltr'><strong>subselliis</strong></span> <span class='ocrx_word' id='word_1_16' title='bbox 1107 372 1143 434; x_wconf 47' lang='lat' dir='ltr'><strong>p,</strong></span> 
     </span>
     <span class='ocr_line' id='line_1_3' title="bbox 142 435 1133 523; baseline -0.006 -18"><span class='ocrx_word' id='word_1_17' title='bbox 142 445 253 523; x_wconf 86' lang='lat' dir='ltr'><strong>aliquot</strong></span> <span class='ocrx_word' id='word_1_18' title='bbox 267 443 366 520; x_wconf 89' lang='lat' dir='ltr'><strong>horas,</strong></span> <span class='ocrx_word' id='word_1_19' title='bbox 382 457 482 500; x_wconf 80' lang='lat' dir='ltr'><strong>verum</strong></span> <span class='ocrx_word' id='word_1_20' title='bbox 496 441 599 499; x_wconf 88' lang='lat' dir='ltr'><strong>tacitus</strong></span> <span class='ocrx_word' id='word_1_21' title='bbox 615 447 645 498; x_wconf 86' lang='lat' dir='ltr'><strong>et</strong></span> <span class='ocrx_word' id='word_1_22' title='bbox 659 455 696 497; x_wconf 91' lang='lat' dir='ltr'><strong>ne</strong></span> <span class='ocrx_word' id='word_1_23' title='bbox 712 436 879 498; x_wconf 88' lang='lat' dir='ltr'><strong>laudatione</strong></span> <span class='ocrx_word' id='word_1_24' title='bbox 891 435 1011 515; x_wconf 86' lang='lat' dir='ltr'><strong>quidem</strong></span> <span class='ocrx_word' id='word_1_25' title='bbox 1024 436 1133 499; x_wconf 87' lang='lat' dir='ltr'><strong>indici</strong></span> 
     </span>
    </p>
   </div>
   <div class='ocr_carea' id='block_1_3' title="bbox 101 520 1143 3562">
    <p class='ocr_par' dir='ltr' id='par_1_3' title="bbox 142 520 1143 938">
     <span class='ocr_line' id='line_1_4' title="bbox 142 520 1143 599; baseline -0.005 -9"><span class='ocrx_word' id='word_1_26' title='bbox 142 530 217 590; x_wconf 88' lang='lat' dir='ltr'><strong>data.</strong></span> <span class='ocrx_word' id='word_1_27' title='bbox 258 526 350 587; x_wconf 83' lang='lat' dir='ltr'><strong>Alluit</strong></span> <span class='ocrx_word' id='word_1_28' title='bbox 371 533 400 585; x_wconf 91' lang='lat' dir='ltr'><strong>et</strong></span> <span class='ocrx_word' id='word_1_29' title='bbox 424 521 594 599; x_wconf 88' lang='lat' dir='ltr'><strong>clientibus,</strong></span> <span class='ocrx_word' id='word_1_30' title='bbox 617 523 692 583; x_wconf 90' lang='lat' dir='ltr'><strong>sicut</strong></span> <span class='ocrx_word' id='word_1_31' title='bbox 714 522 846 581; x_wconf 74' lang='lat' dir='ltr'><strong>Scutario</strong></span> <span class='ocrx_word' id='word_1_32' title='bbox 868 520 998 599; x_wconf 87' lang='lat' dir='ltr'><strong>cuidam,</strong></span> <span class='ocrx_word' id='word_1_33' title='bbox 1024 539 1143 586; x_wconf 81' lang='lat' dir='ltr'><strong>eroca=</strong></span> 
     </span>
     <span class='ocr_line' id='line_1_5' title="bbox 142 605 1141 692; baseline -0.004 -19"><span class='ocrx_word' id='word_1_34' title='bbox 142 610 286 692; x_wconf 85' lang='lat' dir='ltr'><strong>quondam</strong></span> <span class='ocrx_word' id='word_1_35' title='bbox 308 627 377 686; x_wconf 92' lang='lat' dir='ltr'><strong>suo,</strong></span> <span class='ocrx_word' id='word_1_36' title='bbox 405 609 452 687; x_wconf 88' lang='lat' dir='ltr'><strong>qni</strong></span> <span class='ocrx_word' id='word_1_37' title='bbox 473 606 673 686; x_wconf 81' lang='lat' dir='ltr'><strong>postulabatur</strong></span> <span class='ocrx_word' id='word_1_38' title='bbox 695 605 868 666; x_wconf 88' lang='lat' dir='ltr'><strong>iniuriarum.</strong></span> <span class='ocrx_word' id='word_1_39' title='bbox 912 605 1011 668; x_wconf 82' lang='lat' dir='ltr'><strong>Unum</strong></span> <span class='ocrx_word' id='word_1_40' title='bbox 1035 608 1141 669; x_wconf 86' lang='lat' dir='ltr'><strong>omnir</strong></span> 
     </span>
     <span class='ocr_line' id='line_1_6' title="bbox 142 688 1103 770; baseline -0.006 -12"><span class='ocrx_word' id='word_1_41' title='bbox 142 717 159 758; x_wconf 90' lang='lat' dir='ltr'><strong>e</strong></span> <span class='ocrx_word' id='word_1_42' title='bbox 179 713 295 757; x_wconf 90' lang='lat' dir='ltr'><strong>reorum</strong></span> <span class='ocrx_word' id='word_1_43' title='bbox 315 709 453 768; x_wconf 89' lang='lat' dir='ltr'><strong>numero,</strong></span> <span class='ocrx_word' id='word_1_44' title='bbox 475 708 511 753; x_wconf 87' lang='lat' dir='ltr'><strong>ac</strong></span> <span class='ocrx_word' id='word_1_45' title='bbox 531 709 568 751; x_wconf 88' lang='lat' dir='ltr'><strong>ue</strong></span> <span class='ocrx_word' id='word_1_46' title='bbox 589 709 654 752; x_wconf 90' lang='lat' dir='ltr'><strong>eum</strong></span> <span class='ocrx_word' id='word_1_47' title='bbox 674 689 789 769; x_wconf 86' lang='lat' dir='ltr'><strong>quidem</strong></span> <span class='ocrx_word' id='word_1_48' title='bbox 808 690 863 750; x_wconf 90' lang='lat' dir='ltr'><strong>nisi</strong></span> <span class='ocrx_word' id='word_1_49' title='bbox 877 688 1020 770; x_wconf 86' lang='lat' dir='ltr'><strong>precibus</strong></span> <span class='ocrx_word' id='word_1_50' title='bbox 1034 692 1103 752; x_wconf 88' lang='lat' dir='ltr'><strong>eri</strong></span> 
     </span>
     <span class='ocr_line' id='line_1_7' title="bbox 143 772 1134 854; baseline -0.013 -13"><span class='ocrx_word' id='word_1_51' title='bbox 143 789 265 841; x_wconf 81' lang='lat' dir='ltr'><strong>exorato</strong></span> <span class='ocrx_word' id='word_1_52' title='bbox 288 794 386 838; x_wconf 92' lang='lat' dir='ltr'><strong>coram</strong></span> <span class='ocrx_word' id='word_1_53' title='bbox 405 775 547 836; x_wconf 92' lang='lat' dir='ltr'><strong>iudicibus</strong></span> <span class='ocrx_word' id='word_1_54' title='bbox 567 783 758 852; x_wconf 73' lang='lat' dir='ltr'><strong>accusatore,</strong></span> <span class='ocrx_word' id='word_1_55' title='bbox 782 772 968 852; x_wconf 75' lang='lat' dir='ltr'><strong>Castricium,</strong></span> <span class='ocrx_word' id='word_1_56' title='bbox 993 791 1056 854; x_wconf 91' lang='lat' dir='ltr'><strong>per</strong></span> <span class='ocrx_word' id='word_1_57' title='bbox 1083 803 1134 828; x_wconf 54' lang='lat' dir='ltr'><strong>tt„</strong></span> 
     </span>
     <span class='ocr_line' id='line_1_8' title="bbox 144 861 756 938; baseline -0.01 -14"><span class='ocrx_word' id='word_1_58' title='bbox 144 866 180 924; x_wconf 90' lang='lat' dir='ltr'><strong>de</strong></span> <span class='ocrx_word' id='word_1_59' title='bbox 197 863 394 924; x_wconf 87' lang='lat' dir='ltr'><strong>coniuratione</strong></span> <span class='ocrx_word' id='word_1_60' title='bbox 408 861 546 922; x_wconf 84' lang='lat' dir='ltr'><strong>Murenae</strong></span> <span class='ocrx_word' id='word_1_61' title='bbox 565 868 756 938; x_wconf 77' lang='lat' dir='ltr'><strong>cognouerat.</strong></span> 
     </span>
    </p>

    <p class='ocr_par' dir='ltr' id='par_1_4' title="bbox 101 943 1143 2291">
     <span class='ocr_line' id='line_1_9' title="bbox 101 943 1143 1037; baseline -0.002 -30"><span class='ocrx_word' id='word_1_62' title='bbox 101 966 133 1022; x_wconf 67' lang='lat'><strong>57</strong></span> <span class='ocrx_word' id='word_1_63' title='bbox 206 947 263 1007; x_wconf 91' lang='lat' dir='ltr'><strong>Pro</strong></span> <span class='ocrx_word' id='word_1_64' title='bbox 289 946 391 1024; x_wconf 85' lang='lat' dir='ltr'><strong>quibus</strong></span> <span class='ocrx_word' id='word_1_65' title='bbox 412 945 521 1005; x_wconf 89' lang='lat' dir='ltr'><strong>meritis</strong></span> <span class='ocrx_word' id='word_1_66' title='bbox 550 953 734 1037; x_wconf 78' lang='lat' dir='ltr'><strong>quantopere·</strong></span> <span class='ocrx_word' id='word_1_67' title='bbox 755 943 880 1004; x_wconf 90' lang='lat' dir='ltr'><strong>dilectus</strong></span> <span class='ocrx_word' id='word_1_68' title='bbox 906 943 958 1022; x_wconf 90' lang='lat' dir='ltr'><strong>slt,</strong></span> <span class='ocrx_word' id='word_1_69' title='bbox 987 943 1089 1005; x_wconf 76' lang='lat' dir='ltr'><strong>facile</strong></span> <span class='ocrx_word' id='word_1_70' title='bbox 1117 964 1143 1005; x_wconf 84' lang='lat' dir='ltr'><strong>e:</strong></span> 
     </span>
     <span class='ocr_line' id='line_1_10' title="bbox 144 1026 1143 1107; baseline -0.004 -14"><span class='ocrx_word' id='word_1_71' title='bbox 144 1033 305 1094; x_wconf 88' lang='lat' dir='ltr'><strong>aestimare.</strong></span> <span class='ocrx_word' id='word_1_72' title='bbox 339 1029 445 1090; x_wconf 87' lang='lat' dir='ltr'><strong>Omitto</strong></span> <span class='ocrx_word' id='word_1_73' title='bbox 461 1037 579 1089; x_wconf 88' lang='lat' dir='ltr'><strong>senatus</strong></span> <span class='ocrx_word' id='word_1_74' title='bbox 596 1029 743 1104; x_wconf 86' lang='lat' dir='ltr'><strong>consulta,</strong></span> <span class='ocrx_word' id='word_1_75' title='bbox 762 1028 829 1106; x_wconf 86' lang='lat' dir='ltr'><strong>qnia</strong></span> <span class='ocrx_word' id='word_1_76' title='bbox 848 1035 970 1107; x_wconf 86' lang='lat' dir='ltr'><strong>possunt</strong></span> <span class='ocrx_word' id='word_1_77' title='bbox 991 1026 1097 1089; x_wconf 84' lang='lat' dir='ltr'><strong>videri</strong></span> <span class='ocrx_word' id='word_1_78' title='bbox 1114 1048 1143 1089; x_wconf 82' lang='lat' dir='ltr'><strong>r=</strong></span> 
     </span>
     <span class='ocr_line' id='line_1_11' title="bbox 142 1110 1143 1192; baseline -0.001 -16"><span class='ocrx_word' id='word_1_79' title='bbox 142 1115 319 1177; x_wconf 83' lang='lat' dir='ltr'><strong>necessitate</strong></span> <span class='ocrx_word' id='word_1_80' title='bbox 342 1130 485 1192; x_wconf 83' lang='lat' dir='ltr'><strong>expressa</strong></span> <span class='ocrx_word' id='word_1_81' title='bbox 505 1112 554 1172; x_wconf 87' lang='lat' dir='ltr'><strong>vel</strong></span> <span class='ocrx_word' id='word_1_82' title='bbox 581 1111 767 1173; x_wconf 80' lang='lat' dir='ltr'><strong>verecundia.</strong></span> <span class='ocrx_word' id='word_1_83' title='bbox 811 1110 933 1190; x_wconf 83' lang='lat' dir='ltr'><strong>Equites</strong></span> <span class='ocrx_word' id='word_1_84' title='bbox 959 1112 998 1173; x_wconf 82' lang='lat' dir='ltr'><strong>ll.</strong></span> <span class='ocrx_word' id='word_1_85' title='bbox 1023 1113 1143 1175; x_wconf 87' lang='lat' dir='ltr'><strong>natul</strong></span> 
     </span>
     <span class='ocr_line' id='line_1_12' title="bbox 142 1194 1137 1278; baseline -0.003 -17"><span class='ocrx_word' id='word_1_86' title='bbox 142 1202 204 1262; x_wconf 88' lang='lat' dir='ltr'><strong>sius</strong></span> <span class='ocrx_word' id='word_1_87' title='bbox 220 1208 325 1278; x_wconf 89' lang='lat' dir='ltr'><strong>sponte</strong></span> <span class='ocrx_word' id='word_1_88' title='bbox 342 1207 429 1275; x_wconf 87' lang='lat' dir='ltr'><strong>atque</strong></span> <span class='ocrx_word' id='word_1_89' title='bbox 442 1213 586 1257; x_wconf 91' lang='lat' dir='ltr'><strong>consensu</strong></span> <span class='ocrx_word' id='word_1_90' title='bbox 598 1196 685 1256; x_wconf 89' lang='lat' dir='ltr'><strong>biduo</strong></span> <span class='ocrx_word' id='word_1_91' title='bbox 700 1213 815 1275; x_wconf 87' lang='lat' dir='ltr'><strong>semper</strong></span> <span class='ocrx_word' id='word_1_92' title='bbox 829 1194 1024 1256; x_wconf 88' lang='lat' dir='ltr'><strong>celebrarunt.</strong></span> <span class='ocrx_word' id='word_1_93' title='bbox 1045 1197 1137 1259; x_wconf 86' lang='lat' dir='ltr'><strong>Omn</strong></span> 
     </span>
     <span class='ocr_line' id='line_1_13' title="bbox 142 1279 1137 1360; baseline -0.003 -14"><span class='ocrx_word' id='word_1_94' title='bbox 142 1284 258 1346; x_wconf 89' lang='lat' dir='ltr'><strong>ordines</strong></span> <span class='ocrx_word' id='word_1_95' title='bbox 285 1283 313 1342; x_wconf 94' lang='lat' dir='ltr'><strong>in</strong></span> <span class='ocrx_word' id='word_1_96' title='bbox 335 1282 428 1342; x_wconf 91' lang='lat' dir='ltr'><strong>lacum</strong></span> <span class='ocrx_word' id='word_1_97' title='bbox 451 1279 531 1342; x_wconf 82' lang='lat' dir='ltr'><strong>Curti</strong></span> <span class='ocrx_word' id='word_1_98' title='bbox 553 1289 623 1360; x_wconf 90' lang='lat' dir='ltr'><strong>quot</strong></span> <span class='ocrx_word' id='word_1_99' title='bbox 645 1281 728 1340; x_wconf 93' lang='lat' dir='ltr'><strong>annis</strong></span> <span class='ocrx_word' id='word_1_100' title='bbox 749 1299 787 1340; x_wconf 85' lang='lat' dir='ltr'><strong>ex</strong></span> <span class='ocrx_word' id='word_1_101' title='bbox 808 1289 879 1340; x_wconf 84' lang='lat' dir='ltr'><strong>uoto</strong></span> <span class='ocrx_word' id='word_1_102' title='bbox 896 1296 950 1358; x_wconf 92' lang='lat' dir='ltr'><strong>pro</strong></span> <span class='ocrx_word' id='word_1_103' title='bbox 975 1280 1080 1343; x_wconf 86' lang='lat' dir='ltr'><strong>salute</strong></span> <span class='ocrx_word' id='word_1_104' title='bbox 1098 1284 1137 1343; x_wconf 91' lang='lat' dir='ltr'><strong>ei</strong></span> 
     </span>
     <span class='ocr_line' id='line_1_14' title="bbox 142 1362 1142 1448; baseline -0.002 -18"><span class='ocrx_word' id='word_1_105' title='bbox 142 1371 247 1448; x_wconf 89' lang='lat' dir='ltr'><strong>stipem</strong></span> <span class='ocrx_word' id='word_1_106' title='bbox 267 1366 426 1444; x_wconf 86' lang='lat' dir='ltr'><strong>iaciebant,</strong></span> <span class='ocrx_word' id='word_1_107' title='bbox 448 1367 516 1425; x_wconf 91' lang='lat' dir='ltr'><strong>item</strong></span> <span class='ocrx_word' id='word_1_108' title='bbox 529 1365 594 1427; x_wconf 89' lang='lat' dir='ltr'><strong>Kal.</strong></span> <span class='ocrx_word' id='word_1_109' title='bbox 611 1364 671 1426; x_wconf 89' lang='lat' dir='ltr'><strong>lan.</strong></span> <span class='ocrx_word' id='word_1_110' title='bbox 689 1373 815 1426; x_wconf 90' lang='lat' dir='ltr'><strong>strenam</strong></span> <span class='ocrx_word' id='word_1_111' title='bbox 830 1367 858 1424; x_wconf 92' lang='lat' dir='ltr'><strong>in</strong></span> <span class='ocrx_word' id='word_1_112' title='bbox 875 1362 1042 1446; x_wconf 81' lang='lat' dir='ltr'><strong>Capitolio,</strong></span> <span class='ocrx_word' id='word_1_113' title='bbox 1070 1369 1142 1428; x_wconf 63' lang='lat' dir='ltr'><strong>etit</strong></span> 
     </span>
     <span class='ocr_line' id='line_1_15' title="bbox 142 1449 1143 1530; baseline -0.006 -16"><span class='ocrx_word' id='word_1_114' title='bbox 142 1454 268 1529; x_wconf 85' lang='lat' dir='ltr'><strong>absenti,</strong></span> <span class='ocrx_word' id='word_1_115' title='bbox 285 1470 323 1512; x_wconf 85' lang='lat' dir='ltr'><strong>ex</strong></span> <span class='ocrx_word' id='word_1_116' title='bbox 339 1469 395 1530; x_wconf 90' lang='lat' dir='ltr'><strong>qua</strong></span> <span class='ocrx_word' id='word_1_117' title='bbox 409 1468 517 1511; x_wconf 91' lang='lat' dir='ltr'><strong>summa</strong></span> <span class='ocrx_word' id='word_1_118' title='bbox 533 1452 743 1530; x_wconf 88' lang='lat' dir='ltr'><strong>pretiosissima</strong></span> <span class='ocrx_word' id='word_1_119' title='bbox 763 1450 883 1511; x_wconf 84' lang='lat' dir='ltr'><strong>deornm</strong></span> <span class='ocrx_word' id='word_1_120' title='bbox 897 1449 1059 1512; x_wconf 86' lang='lat' dir='ltr'><strong>simulacra</strong></span> <span class='ocrx_word' id='word_1_121' title='bbox 1083 1470 1143 1512; x_wconf 51' lang='lat' dir='ltr'><strong>m«</strong></span> 
     </span>
     <span class='ocr_line' id='line_1_16' title="bbox 142 1533 1137 1614; baseline 0 -16"><span class='ocrx_word' id='word_1_122' title='bbox 142 1547 237 1614; x_wconf 91' lang='lat' dir='ltr'><strong>catus,</strong></span> <span class='ocrx_word' id='word_1_123' title='bbox 261 1537 376 1596; x_wconf 85' lang='lat' dir='ltr'><strong>vicatim</strong></span> <span class='ocrx_word' id='word_1_124' title='bbox 395 1535 563 1613; x_wconf 81' lang='lat' dir='ltr'><strong>dedicabat,</strong></span> <span class='ocrx_word' id='word_1_125' title='bbox 588 1545 617 1595; x_wconf 94' lang='lat' dir='ltr'><strong>ut</strong></span> <span class='ocrx_word' id='word_1_126' title='bbox 631 1534 798 1614; x_wconf 85' lang='lat' dir='ltr'><strong>Apollinem</strong></span> <span class='ocrx_word' id='word_1_127' title='bbox 819 1533 1030 1596; x_wconf 88' lang='lat' dir='ltr'><strong>Sandaliarium</strong></span> <span class='ocrx_word' id='word_1_128' title='bbox 1057 1536 1137 1598; x_wconf 84' lang='lat' dir='ltr'><strong>etl·</strong></span> 
     </span>
     <span class='ocr_line' id='line_1_17' title="bbox 142 1617 1143 1699; baseline 0 -18"><span class='ocrx_word' id='word_1_129' title='bbox 142 1640 208 1681; x_wconf 86' lang='lat' dir='ltr'><strong>vem</strong></span> <span class='ocrx_word' id='word_1_130' title='bbox 231 1620 415 1699; x_wconf 81' lang='lat' dir='ltr'><strong>Tragoedum</strong></span> <span class='ocrx_word' id='word_1_131' title='bbox 436 1620 560 1698; x_wconf 87' lang='lat' dir='ltr'><strong>aliaque.</strong></span> <span class='ocrx_word' id='word_1_132' title='bbox 592 1620 625 1679; x_wconf 93' lang='lat' dir='ltr'><strong>ln</strong></span> <span class='ocrx_word' id='word_1_133' title='bbox 646 1621 859 1679; x_wconf 84' lang='lat' dir='ltr'><strong>restitutionem</strong></span> <span class='ocrx_word' id='word_1_134' title='bbox 876 1617 1024 1680; x_wconf 81' lang='lat' dir='ltr'><strong>Palatinae</strong></span> <span class='ocrx_word' id='word_1_135' title='bbox 1051 1619 1143 1682; x_wconf 89' lang='lat' dir='ltr'><strong>dom</strong></span> 
     </span>
     <span class='ocr_line' id='line_1_18' title="bbox 142 1703 1142 1782; baseline 0.001 -17"><span class='ocrx_word' id='word_1_136' title='bbox 142 1705 275 1766; x_wconf 89' lang='lat' dir='ltr'><strong>incendio</strong></span> <span class='ocrx_word' id='word_1_137' title='bbox 290 1704 459 1782; x_wconf 90' lang='lat' dir='ltr'><strong>absumptae</strong></span> <span class='ocrx_word' id='word_1_138' title='bbox 474 1705 624 1779; x_wconf 83' lang='lat' dir='ltr'><strong>veterani,</strong></span> <span class='ocrx_word' id='word_1_139' title='bbox 647 1703 799 1780; x_wconf 91' lang='lat' dir='ltr'><strong>decuriae,</strong></span> <span class='ocrx_word' id='word_1_140' title='bbox 821 1703 928 1781; x_wconf 91' lang='lat' dir='ltr'><strong>tribus,</strong></span> <span class='ocrx_word' id='word_1_141' title='bbox 952 1711 1044 1782; x_wconf 86' lang='lat' dir='ltr'><strong>atque</strong></span> <span class='ocrx_word' id='word_1_142' title='bbox 1070 1713 1142 1766; x_wconf 54' lang='lat' dir='ltr'><strong>etro</strong></span> 
     </span>
     <span class='ocr_line' id='line_1_19' title="bbox 142 1787 1130 1866; baseline 0.004 -18"><span class='ocrx_word' id='word_1_143' title='bbox 142 1788 308 1865; x_wconf 73' lang='lat' dir='ltr'><strong>singillatim</strong></span> <span class='ocrx_word' id='word_1_144' title='bbox 324 1807 340 1846; x_wconf 91' lang='lat' dir='ltr'><strong>e</strong></span> <span class='ocrx_word' id='word_1_145' title='bbox 357 1796 457 1847; x_wconf 89' lang='lat' dir='ltr'><strong>cetero</strong></span> <span class='ocrx_word' id='word_1_146' title='bbox 473 1803 585 1864; x_wconf 83' lang='lat' dir='ltr'><strong>genere</strong></span> <span class='ocrx_word' id='word_1_147' title='bbox 597 1787 740 1847; x_wconf 92' lang='lat' dir='ltr'><strong>hominnm</strong></span> <span class='ocrx_word' id='word_1_148' title='bbox 751 1787 876 1848; x_wconf 88' lang='lat' dir='ltr'><strong>libentes</strong></span> <span class='ocrx_word' id='word_1_149' title='bbox 890 1805 926 1848; x_wconf 86' lang='lat' dir='ltr'><strong>ac</strong></span> <span class='ocrx_word' id='word_1_150' title='bbox 938 1804 994 1866; x_wconf 88' lang='lat' dir='ltr'><strong>pro</strong></span> <span class='ocrx_word' id='word_1_151' title='bbox 1009 1788 1130 1853; x_wconf 80' lang='lat' dir='ltr'><strong>lacultu</strong></span> 
     </span>
     <span class='ocr_line' id='line_1_20' title="bbox 142 1869 1138 1951; baseline 0.006 -20"><span class='ocrx_word' id='word_1_152' title='bbox 142 1874 265 1951; x_wconf 85' lang='lat' dir='ltr'><strong>quisque</strong></span> <span class='ocrx_word' id='word_1_153' title='bbox 292 1872 429 1950; x_wconf 89' lang='lat' dir='ltr'><strong>pecunias</strong></span> <span class='ocrx_word' id='word_1_154' title='bbox 457 1869 652 1948; x_wconf 90' lang='lat' dir='ltr'><strong>contulerunt,</strong></span> <span class='ocrx_word' id='word_1_155' title='bbox 686 1870 831 1932; x_wconf 88' lang='lat' dir='ltr'><strong>delibante</strong></span> <span class='ocrx_word' id='word_1_156' title='bbox 856 1880 963 1933; x_wconf 90' lang='lat' dir='ltr'><strong>tautum</strong></span> <span class='ocrx_word' id='word_1_157' title='bbox 991 1873 1089 1936; x_wconf 90' lang='lat' dir='ltr'><strong>modo</strong></span> <span class='ocrx_word' id='word_1_158' title='bbox 1121 1893 1138 1936; x_wconf 87' lang='lat' dir='ltr'><strong>e</strong></span> 
     </span>
     <span class='ocr_line' id='line_1_21' title="bbox 142 1956 1143 2036; baseline 0.005 -20"><span class='ocrx_word' id='word_1_159' title='bbox 142 1972 312 2016; x_wconf 88' lang='lat' dir='ltr'><strong>summarum</strong></span> <span class='ocrx_word' id='word_1_160' title='bbox 335 1971 458 2014; x_wconf 83' lang='lat' dir='ltr'><strong>acervos</strong></span> <span class='ocrx_word' id='word_1_161' title='bbox 483 1972 579 2034; x_wconf 85' lang='lat' dir='ltr'><strong>neque</strong></span> <span class='ocrx_word' id='word_1_162' title='bbox 605 1974 643 2015; x_wconf 82' lang='lat' dir='ltr'><strong>ex</strong></span> <span class='ocrx_word' id='word_1_163' title='bbox 669 1973 813 2036; x_wconf 85' lang='lat' dir='ltr'><strong>quoquam</strong></span> <span class='ocrx_word' id='word_1_164' title='bbox 838 1957 903 2036; x_wconf 87' lang='lat' dir='ltr'><strong>plus</strong></span> <span class='ocrx_word' id='word_1_165' title='bbox 924 1956 1048 2019; x_wconf 88' lang='lat' dir='ltr'><strong>denario</strong></span> <span class='ocrx_word' id='word_1_166' title='bbox 1075 1959 1143 2021; x_wconf 85' lang='lat' dir='ltr'><strong>ani</strong></span> 
     </span>
     <span class='ocr_line' id='line_1_22' title="bbox 141 2039 1128 2121; baseline 0.006 -22"><span class='ocrx_word' id='word_1_167' title='bbox 141 2047 232 2099; x_wconf 86' lang='lat' dir='ltr'><strong>rente.</strong></span> <span class='ocrx_word' id='word_1_168' title='bbox 266 2039 475 2099; x_wconf 88' lang='lat' dir='ltr'><strong>Revertentem</strong></span> <span class='ocrx_word' id='word_1_169' title='bbox 496 2057 534 2099; x_wconf 86' lang='lat' dir='ltr'><strong>ex</strong></span> <span class='ocrx_word' id='word_1_170' title='bbox 558 2042 709 2121; x_wconf 90' lang='lat' dir='ltr'><strong>provincia</strong></span> <span class='ocrx_word' id='word_1_171' title='bbox 724 2058 783 2101; x_wconf 89' lang='lat' dir='ltr'><strong>non</strong></span> <span class='ocrx_word' id='word_1_172' title='bbox 808 2042 902 2102; x_wconf 88' lang='lat' dir='ltr'><strong>solum</strong></span> <span class='ocrx_word' id='word_1_173' title='bbox 923 2041 1028 2103; x_wconf 80' lang='lat' dir='ltr'><strong>faustis</strong></span> <span class='ocrx_word' id='word_1_174' title='bbox 1052 2045 1128 2105; x_wconf 88' lang='lat' dir='ltr'><strong>omi</strong></span> 
     </span>
     <span class='ocr_line' id='line_1_23' title="bbox 142 2123 1091 2205; baseline 0.007 -23"><span class='ocrx_word' id='word_1_175' title='bbox 142 2123 210 2201; x_wconf 94' lang='lat' dir='ltr'><strong>bns,</strong></span> <span class='ocrx_word' id='word_1_176' title='bbox 229 2123 282 2182; x_wconf 89' lang='lat' dir='ltr'><strong>sed</strong></span> <span class='ocrx_word' id='word_1_177' title='bbox 300 2131 328 2183; x_wconf 89' lang='lat' dir='ltr'><strong>et</strong></span> <span class='ocrx_word' id='word_1_178' title='bbox 343 2123 496 2184; x_wconf 90' lang='lat' dir='ltr'><strong>modulatis</strong></span> <span class='ocrx_word' id='word_1_179' title='bbox 513 2124 685 2185; x_wconf 90' lang='lat' dir='ltr'><strong>carminibus</strong></span> <span class='ocrx_word' id='word_1_180' title='bbox 703 2125 965 2205; x_wconf 90' lang='lat' dir='ltr'><strong>prosequebantur.</strong></span> <span class='ocrx_word' id='word_1_181' title='bbox 1002 2125 1091 2189; x_wconf 89' lang='lat' dir='ltr'><strong>Obse</strong></span> 
     </span>
     <span class='ocr_line' id='line_1_24' title="bbox 142 2209 1139 2291; baseline 0.005 -22"><span class='ocrx_word' id='word_1_182' title='bbox 142 2209 305 2269; x_wconf 82' lang='lat' dir='ltr'><strong>tumetium</strong></span> <span class='ocrx_word' id='word_1_183' title='bbox 328 2217 386 2287; x_wconf 90' lang='lat' dir='ltr'><strong>est,</strong></span> <span class='ocrx_word' id='word_1_184' title='bbox 412 2226 449 2269; x_wconf 86' lang='lat' dir='ltr'><strong>ne</strong></span> <span class='ocrx_word' id='word_1_185' title='bbox 474 2212 607 2287; x_wconf 89' lang='lat' dir='ltr'><strong>quotiens</strong></span> <span class='ocrx_word' id='word_1_186' title='bbox 629 2212 760 2271; x_wconf 89' lang='lat' dir='ltr'><strong>introiret</strong></span> <span class='ocrx_word' id='word_1_187' title='bbox 780 2211 895 2288; x_wconf 90' lang='lat' dir='ltr'><strong>urbem,</strong></span> <span class='ocrx_word' id='word_1_188' title='bbox 919 2210 1139 2291; x_wconf 89' lang='lat' dir='ltr'><strong>supplicinmd</strong></span> 
     </span>
    </p>

    <p class='ocr_par' dir='ltr' id='par_1_5' title="bbox 101 2294 1143 3473">
     <span class='ocr_line' id='line_1_25' title="bbox 101 2294 1141 2374; baseline 0.002 -17"><span class='ocrx_word' id='word_1_189' title='bbox 101 2302 286 2372; x_wconf 69' lang='lat' dir='ltr'><strong>&amp;iquoquam</strong></span> <span class='ocrx_word' id='word_1_190' title='bbox 310 2303 479 2355; x_wconf 90' lang='lat' dir='ltr'><strong>sumeretur.</strong></span> <span class='ocrx_word' id='word_1_191' title='bbox 517 2294 540 2354; x_wconf 92' lang='lat' dir='ltr'><strong>P</strong></span> <span class='ocrx_word' id='word_1_192' title='bbox 548 2295 640 2354; x_wconf 85' lang='lat' dir='ltr'><strong>stris</strong></span> <span class='ocrx_word' id='word_1_193' title='bbox 662 2296 805 2374; x_wconf 89' lang='lat' dir='ltr'><strong>patriae</strong></span> <span class='ocrx_word' id='word_1_194' title='bbox 833 2312 998 2372; x_wconf 80' lang='lat' dir='ltr'><strong>cognomen</strong></span> <span class='ocrx_word' id='word_1_195' title='bbox 1020 2298 1141 2359; x_wconf 76' lang='lat' dir='ltr'><strong>unire</strong></span> 
     </span>
     <span class='ocr_line' id='line_1_26' title="bbox 140 2379 1143 2462; baseline 0.006 -25"><span class='ocrx_word' id='word_1_196' title='bbox 140 2379 294 2455; x_wconf 90' lang='lat' dir='ltr'><strong>repentino</strong></span> <span class='ocrx_word' id='word_1_197' title='bbox 316 2380 498 2458; x_wconf 86' lang='lat' dir='ltr'><strong>maximoque</strong></span> <span class='ocrx_word' id='word_1_198' title='bbox 521 2396 665 2439; x_wconf 89' lang='lat' dir='ltr'><strong>consensu</strong></span> <span class='ocrx_word' id='word_1_199' title='bbox 688 2379 851 2440; x_wconf 87' lang='lat' dir='ltr'><strong>detulerunt</strong></span> <span class='ocrx_word' id='word_1_200' title='bbox 870 2381 912 2441; x_wconf 88' lang='lat' dir='ltr'><strong>ci:</strong></span> <span class='ocrx_word' id='word_1_201' title='bbox 934 2380 1028 2460; x_wconf 88' lang='lat' dir='ltr'><strong>prima</strong></span> <span class='ocrx_word' id='word_1_202' title='bbox 1051 2381 1143 2462; x_wconf 88' lang='lat' dir='ltr'><strong>pleb</strong></span> 
     </span>
     <span class='ocr_line' id='line_1_27' title="bbox 141 2462 1135 2544; baseline 0.006 -22"><span class='ocrx_word' id='word_1_203' title='bbox 141 2462 291 2538; x_wconf 82' lang='lat' dir='ltr'><strong>legatione</strong></span> <span class='ocrx_word' id='word_1_204' title='bbox 312 2462 428 2524; x_wconf 80' lang='lat' dir='ltr'><strong>Antium</strong></span> <span class='ocrx_word' id='word_1_205' title='bbox 448 2464 549 2532; x_wconf 91' lang='lat' dir='ltr'><strong>missa;</strong></span> <span class='ocrx_word' id='word_1_206' title='bbox 573 2463 652 2540; x_wconf 89' lang='lat' dir='ltr'><strong>dein,</strong></span> <span class='ocrx_word' id='word_1_207' title='bbox 678 2465 817 2541; x_wconf 86' lang='lat' dir='ltr'><strong>quianon</strong></span> <span class='ocrx_word' id='word_1_208' title='bbox 837 2463 1017 2544; x_wconf 82' lang='lat' dir='ltr'><strong>recipiebat,</strong></span> <span class='ocrx_word' id='word_1_209' title='bbox 1039 2466 1135 2527; x_wconf 80' lang='lat' dir='ltr'><strong>ineam</strong></span> 
     </span>
     <span class='ocr_line' id='line_1_28' title="bbox 140 2546 1143 2625; baseline 0.006 -19"><span class='ocrx_word' id='word_1_210' title='bbox 140 2546 251 2606; x_wconf 83' lang='lat' dir='ltr'><strong>Romae</strong></span> <span class='ocrx_word' id='word_1_211' title='bbox 273 2546 442 2623; x_wconf 91' lang='lat' dir='ltr'><strong>spectacula</strong></span> <span class='ocrx_word' id='word_1_212' title='bbox 462 2546 601 2625; x_wconf 84' lang='lat' dir='ltr'><strong>frequens</strong></span> <span class='ocrx_word' id='word_1_213' title='bbox 622 2556 652 2607; x_wconf 92' lang='lat' dir='ltr'><strong>et</strong></span> <span class='ocrx_word' id='word_1_214' title='bbox 670 2547 814 2619; x_wconf 75' lang='lat' dir='ltr'><strong>laureata3</strong></span> <span class='ocrx_word' id='word_1_215' title='bbox 838 2551 950 2609; x_wconf 83' lang='lat' dir='ltr'><strong>morin</strong></span> <span class='ocrx_word' id='word_1_216' title='bbox 966 2550 1048 2612; x_wconf 83' lang='lat' dir='ltr'><strong>curie</strong></span> <span class='ocrx_word' id='word_1_217' title='bbox 1067 2569 1143 2612; x_wconf 91' lang='lat' dir='ltr'><strong>sen</strong></span> 
     </span>
     <span class='ocr_line' id='line_1_29' title="bbox 141 2630 1138 2713; baseline 0.009 -26"><span class='ocrx_word' id='word_1_218' title='bbox 141 2635 202 2704; x_wconf 91' lang='lat' dir='ltr'><strong>tus,</strong></span> <span class='ocrx_word' id='word_1_219' title='bbox 225 2646 320 2706; x_wconf 90' lang='lat' dir='ltr'><strong>neque</strong></span> <span class='ocrx_word' id='word_1_220' title='bbox 342 2630 461 2690; x_wconf 89' lang='lat' dir='ltr'><strong>decreto</strong></span> <span class='ocrx_word' id='word_1_221' title='bbox 482 2648 577 2708; x_wconf 86' lang='lat' dir='ltr'><strong>neque</strong></span> <span class='ocrx_word' id='word_1_222' title='bbox 601 2630 827 2710; x_wconf 86' lang='lat' dir='ltr'><strong>adclamatione,</strong></span> <span class='ocrx_word' id='word_1_223' title='bbox 848 2633 900 2694; x_wconf 87' lang='lat' dir='ltr'><strong>sed</strong></span> <span class='ocrx_word' id='word_1_224' title='bbox 923 2652 976 2713; x_wconf 91' lang='lat' dir='ltr'><strong>per</strong></span> <span class='ocrx_word' id='word_1_225' title='bbox 997 2634 1138 2697; x_wconf 85' lang='lat' dir='ltr'><strong>Valeri</strong></span> 
     </span>
     <span class='ocr_line' id='line_1_30' title="bbox 139 2710 1143 2801; baseline 0.009 -30"><span class='ocrx_word' id='word_1_226' title='bbox 139 2710 303 2772; x_wconf 79' lang='lat' dir='ltr'><strong>blessalam.</strong></span> <span class='ocrx_word' id='word_1_227' title='bbox 348 2713 376 2773; x_wconf 93' lang='lat' dir='ltr'><strong>ls</strong></span> <span class='ocrx_word' id='word_1_228' title='bbox 397 2713 594 2774; x_wconf 90' lang='lat' dir='ltr'><strong>mandantibus</strong></span> <span class='ocrx_word' id='word_1_229' title='bbox 617 2718 745 2795; x_wconf 90' lang='lat' dir='ltr'><strong>cunctis,</strong></span> <span class='ocrx_word' id='word_1_230' title='bbox 776 2715 867 2791; x_wconf 80' lang='lat' dir='ltr'><strong>Quod</strong></span> <span class='ocrx_word' id='word_1_231' title='bbox 888 2716 1016 2797; x_wconf 80' lang='lat' dir='ltr'><strong>bonum,</strong></span> <span class='ocrx_word' id='word_1_232' title='bbox 1044 2720 1143 2801; x_wconf 79' lang='lat' dir='ltr'><strong>inqui</strong></span> 
     </span>
     <span class='ocr_line' id='line_1_31' title="bbox 138 2793 1139 2884; baseline 0.012 -30"><span class='ocrx_word' id='word_1_233' title='bbox 138 2793 337 2875; x_wconf 78' lang='lat' dir='ltr'><strong>faustumque</strong></span> <span class='ocrx_word' id='word_1_234' title='bbox 356 2798 398 2859; x_wconf 84' lang='lat' dir='ltr'><strong>sit</strong></span> <span class='ocrx_word' id='word_1_235' title='bbox 412 2796 468 2859; x_wconf 85' lang='lat' dir='ltr'><strong>tibi</strong></span> <span class='ocrx_word' id='word_1_236' title='bbox 481 2797 644 2879; x_wconf 80' lang='lat' dir='ltr'><strong>domuique</strong></span> <span class='ocrx_word' id='word_1_237' title='bbox 668 2807 755 2879; x_wconf 84' lang='lat' dir='ltr'><strong>tuoe,</strong></span> <span class='ocrx_word' id='word_1_238' title='bbox 779 2800 901 2864; x_wconf 79' lang='lat' dir='ltr'><strong>Caesar</strong></span> <span class='ocrx_word' id='word_1_239' title='bbox 922 2801 1086 2884; x_wconf 80' lang='lat' dir='ltr'><strong>Aupustc!</strong></span> <span class='ocrx_word' id='word_1_240' title='bbox 1108 2804 1139 2866; x_wconf 78' lang='lat' dir='ltr'><strong>ci</strong></span> 
     </span>
     <span class='ocr_line' id='line_1_32' title="bbox 140 2878 1142 2966; baseline 0.011 -26"><span class='ocrx_word' id='word_1_241' title='bbox 140 2878 219 2940; x_wconf 84' lang='lat' dir='ltr'><strong>euim</strong></span> <span class='ocrx_word' id='word_1_242' title='bbox 240 2898 297 2942; x_wconf 82' lang='lat' dir='ltr'><strong>uos</strong></span> <span class='ocrx_word' id='word_1_243' title='bbox 323 2888 505 2960; x_wconf 83' lang='lat' dir='ltr'><strong>perpetuum</strong></span> <span class='ocrx_word' id='word_1_244' title='bbox 524 2882 704 2962; x_wconf 75' lang='lat' dir='ltr'><strong>felicitatem</strong></span> <span class='ocrx_word' id='word_1_245' title='bbox 721 2888 818 2966; x_wconf 77' lang='lat' dir='ltr'><strong>reip.</strong></span> <span class='ocrx_word' id='word_1_246' title='bbox 841 2895 872 2949; x_wconf 90' lang='lat' dir='ltr'><strong>et</strong></span> <span class='ocrx_word' id='word_1_247' title='bbox 885 2887 969 2949; x_wconf 83' lang='lat' dir='ltr'><strong>lueto</strong></span> <span class='ocrx_word' id='word_1_248' title='bbox 990 2887 1066 2950; x_wconf 76' lang='lat' dir='ltr'><strong>bute</strong></span> <span class='ocrx_word' id='word_1_249' title='bbox 1079 2888 1142 2951; x_wconf 82' lang='lat' dir='ltr'><strong>urb</strong></span> 
     </span>
     <span class='ocr_line' id='line_1_33' title="bbox 138 2965 1134 3053; baseline 0.013 -30"><span class='ocrx_word' id='word_1_250' title='bbox 138 2966 268 3041; x_wconf 79' lang='lat' dir='ltr'><strong>procuri</strong></span> <span class='ocrx_word' id='word_1_251' title='bbox 279 2965 506 3028; x_wconf 74' lang='lat' dir='ltr'><strong>emistimcmus:</strong></span> <span class='ocrx_word' id='word_1_252' title='bbox 522 2976 648 3032; x_wconf 77' lang='lat' dir='ltr'><strong>secutus</strong></span> <span class='ocrx_word' id='word_1_253' title='bbox 664 2972 894 3034; x_wconf 82' lang='lat' dir='ltr'><strong>tecousccts&#39;ens</strong></span> <span class='ocrx_word' id='word_1_254' title='bbox 906 2973 1108 3053; x_wconf 80' lang='lat' dir='ltr'><strong>compupulo</strong></span> <span class='ocrx_word' id='word_1_255' title='bbox 1128 2980 1134 2998; x_wconf 82' lang='lat'><strong><em>¹</em></strong></span> 
     </span>
     <span class='ocr_line' id='line_1_34' title="bbox 142 3050 1140 3138; baseline 0.011 -30"><span class='ocrx_word' id='word_1_256' title='bbox 142 3050 319 3111; x_wconf 82' lang='lat' dir='ltr'><strong>consalutat</strong></span> <span class='ocrx_word' id='word_1_257' title='bbox 330 3053 457 3129; x_wconf 76' lang='lat' dir='ltr'><strong>putride</strong></span> <span class='ocrx_word' id='word_1_258' title='bbox 472 3061 603 3131; x_wconf 85' lang='lat' dir='ltr'><strong>putrem.</strong></span> <span class='ocrx_word' id='word_1_259' title='bbox 639 3055 691 3116; x_wconf 87' lang='lat' dir='ltr'><strong>Cui</strong></span> <span class='ocrx_word' id='word_1_260' title='bbox 707 3056 860 3117; x_wconf 87' lang='lat' dir='ltr'><strong>lacrimans</strong></span> <span class='ocrx_word' id='word_1_261' title='bbox 880 3057 1034 3136; x_wconf 88' lang='lat' dir='ltr'><strong>respondit</strong></span> <span class='ocrx_word' id='word_1_262' title='bbox 1048 3055 1140 3138; x_wconf 75' lang='lat' dir='ltr'><strong>Augu</strong></span> 
     </span>
     <span class='ocr_line' id='line_1_35' title="bbox 141 3135 1135 3222; baseline 0.015 -30"><span class='ocrx_word' id='word_1_263' title='bbox 141 3142 202 3194; x_wconf 86' lang='lat' dir='ltr'><strong>stus</strong></span> <span class='ocrx_word' id='word_1_264' title='bbox 217 3135 261 3194; x_wconf 90' lang='lat' dir='ltr'><strong>his</strong></span> <span class='ocrx_word' id='word_1_265' title='bbox 276 3137 373 3196; x_wconf 88' lang='lat' dir='ltr'><strong>verbis</strong></span> <span class='ocrx_word' id='word_1_266' title='bbox 391 3138 470 3217; x_wconf 84' lang='lat' dir='ltr'><strong>(ipsa</strong></span> <span class='ocrx_word' id='word_1_267' title='bbox 486 3141 577 3216; x_wconf 91' lang='lat' dir='ltr'><strong>enim,</strong></span> <span class='ocrx_word' id='word_1_268' title='bbox 595 3142 668 3201; x_wconf 90' lang='lat' dir='ltr'><strong>sicut</strong></span> <span class='ocrx_word' id='word_1_269' title='bbox 684 3140 845 3219; x_wconf 82' lang='lat' dir='ltr'><strong>Messalae,</strong></span> <span class='ocrx_word' id='word_1_270' title='bbox 868 3141 985 3221; x_wconf 88' lang='lat' dir='ltr'><strong>posui):</strong></span> <span class='ocrx_word' id='word_1_271' title='bbox 1011 3140 1135 3222; x_wconf 83' lang='lat' dir='ltr'><strong>Cumpo</strong></span> 
     </span>
     <span class='ocr_line' id='line_1_36' title="bbox 138 3214 1134 3311; baseline 0.014 -33"><span class='ocrx_word' id='word_1_272' title='bbox 138 3214 244 3294; x_wconf 75' lang='lat' dir='ltr'><strong>fuctus</strong></span> <span class='ocrx_word' id='word_1_273' title='bbox 264 3228 404 3282; x_wconf 83' lang='lat' dir='ltr'><strong>uotorum</strong></span> <span class='ocrx_word' id='word_1_274' title='bbox 428 3241 578 3302; x_wconf 84' lang='lat' dir='ltr'><strong>meorum,</strong></span> <span class='ocrx_word' id='word_1_275' title='bbox 611 3224 646 3285; x_wconf 90' lang='lat' dir='ltr'><strong>P.</strong></span> <span class='ocrx_word' id='word_1_276' title='bbox 674 3223 707 3286; x_wconf 79' lang='lat' dir='ltr'><strong>C.</strong></span> <span class='ocrx_word' id='word_1_277' title='bbox 732 3227 807 3306; x_wconf 83' lang='lat' dir='ltr'><strong>quid</strong></span> <span class='ocrx_word' id='word_1_278' title='bbox 828 3226 928 3288; x_wconf 86' lang='lat' dir='ltr'><strong>buben</strong></span> <span class='ocrx_word' id='word_1_279' title='bbox 957 3226 1050 3311; x_wconf 69' lang='lat' dir='ltr'><strong>uliud</strong></span> <span class='ocrx_word' id='word_1_280' title='bbox 1071 3228 1134 3292; x_wconf 83' lang='lat' dir='ltr'><strong>deo</strong></span> 
     </span>
     <span class='ocr_line' id='line_1_37' title="bbox 139 3300 1141 3388; baseline 0.013 -27"><span class='ocrx_word' id='word_1_281' title='bbox 139 3300 330 3366; x_wconf 76' lang='lat' dir='ltr'><strong>immortates</strong></span> <span class='ocrx_word' id='word_1_282' title='bbox 341 3308 486 3386; x_wconf 79' lang='lat' dir='ltr'><strong>procuri,</strong></span> <span class='ocrx_word' id='word_1_283' title='bbox 508 3328 600 3388; x_wconf 82' lang='lat' dir='ltr'><strong>quum</strong></span> <span class='ocrx_word' id='word_1_284' title='bbox 614 3317 647 3371; x_wconf 89' lang='lat' dir='ltr'><strong>ut</strong></span> <span class='ocrx_word' id='word_1_285' title='bbox 660 3310 740 3372; x_wconf 80' lang='lat' dir='ltr'><strong>bunc</strong></span> <span class='ocrx_word' id='word_1_286' title='bbox 755 3330 936 3374; x_wconf 79' lang='lat' dir='ltr'><strong>consessum</strong></span> <span class='ocrx_word' id='word_1_287' title='bbox 949 3319 1089 3374; x_wconf 75' lang='lat' dir='ltr'><strong>cestrum</strong></span> <span class='ocrx_word' id='word_1_288' title='bbox 1112 3342 1141 3367; x_wconf 66' lang='lat' dir='ltr'><strong>m</strong></span> 
     </span>
     <span class='ocr_line' id='line_1_38' title="bbox 139 3385 843 3473; baseline 0.021 -30"><span class='ocrx_word' id='word_1_289' title='bbox 139 3385 276 3449; x_wconf 81' lang='lat' dir='ltr'><strong>ultimum</strong></span> <span class='ocrx_word' id='word_1_290' title='bbox 285 3392 375 3468; x_wconf 68' lang='lat' dir='ltr'><strong>finem</strong></span> <span class='ocrx_word' id='word_1_291' title='bbox 390 3394 474 3455; x_wconf 82' lang='lat' dir='ltr'><strong>vitoe</strong></span> <span class='ocrx_word' id='word_1_292' title='bbox 487 3395 561 3455; x_wconf 72' lang='lat' dir='ltr'><strong>mitt</strong></span> <span class='ocrx_word' id='word_1_293' title='bbox 571 3393 715 3473; x_wconf 79' lang='lat' dir='ltr'><strong>perferre</strong></span> <span class='ocrx_word' id='word_1_294' title='bbox 730 3396 843 3458; x_wconf 76' lang='lat' dir='ltr'><strong>liceat?</strong></span> 
     </span>
    </p>

    <p class='ocr_par' dir='ltr' id='par_1_6' title="bbox 101 3466 1141 3562">
     <span class='ocr_line' id='line_1_39' title="bbox 101 3466 1141 3562; baseline 0.013 -29"><span class='ocrx_word' id='word_1_295' title='bbox 101 3466 128 3516; x_wconf 65' lang='lat'><strong>&#39;⁵9</strong></span> <span class='ocrx_word' id='word_1_296' title='bbox 202 3472 315 3534; x_wconf 83' lang='lat' dir='ltr'><strong>Modico</strong></span> <span class='ocrx_word' id='word_1_297' title='bbox 335 3477 462 3539; x_wconf 84' lang='lat' dir='ltr'><strong>Antonio</strong></span> <span class='ocrx_word' id='word_1_298' title='bbox 484 3479 583 3541; x_wconf 85' lang='lat' dir='ltr'><strong>Musae</strong></span> <span class='ocrx_word' id='word_1_299' title='bbox 627 3479 707 3540; x_wconf 88' lang='lat' dir='ltr'><strong>cuius</strong></span> <span class='ocrx_word' id='word_1_300' title='bbox 727 3499 819 3561; x_wconf 89' lang='lat' dir='ltr'><strong>opera</strong></span> <span class='ocrx_word' id='word_1_301' title='bbox 841 3500 879 3542; x_wconf 83' lang='lat' dir='ltr'><strong>ex</strong></span> <span class='ocrx_word' id='word_1_302' title='bbox 899 3483 1018 3562; x_wconf 88' lang='lat' dir='ltr'><strong>ancipiti</strong></span> <span class='ocrx_word' id='word_1_303' title='bbox 1041 3483 1141 3545; x_wconf 94' lang='lat' dir='ltr'><strong>morb</strong></span> 
     </span>
    </p>
   </div>
   <div class='ocr_carea' id='block_1_4' title="bbox 0 0 1148 3862">
    <p class='ocr_par' dir='ltr' id='par_1_7' title="bbox 0 0 1148 3862">
     <span class='ocr_line' id='line_1_40' title="bbox 0 0 1148 3862; baseline 0 0"><span class='ocrx_word' id='word_1_304' title='bbox 0 0 1148 3862; x_wconf 95' lang='lat' dir='ltr'><strong> </strong></span> 
     </span>
    </p>
   </div>
  </div>
 </body>
</html>
