2334 3870
472 162 577 212 navus
598 163 726 213 1cn1us.
1059 160 1098 222 35

100 316 213 379 Vestali
237 319 387 379 maximae.
431 317 552 392 Quintus
574 317 691 380 Tubero
714 318 814 400 tradit,
840 321 979 384 heredem
1001 325 1037 387 ab
1061 346 1097 387 eo

103 401 190 462 scribi
211 401 325 464 solitum
344 419 382 461 ex
403 400 554 463 consulatu
579 402 671 483 ipsius
694 405 788 485 primo
815 424 907 486 usque
932 407 967 468 ad
989 411 1098 471 initium

104 486 195 546 civilis
212 485 283 547 belli
305 484 365 546 CN.
388 484 570 564 Pompeium,
603 487 690 569 idque
717 489 856 551 militibus
884 495 1096 571 procontione

99 572 259 631 recitatum.
298 567 357 630 Sed
377 569 536 630 novissimo
558 579 730 634 testamento
752 584 813 635 tras
834 576 957 635 instituit
973 575 1097 637 heredes

76 672 233 716 ssororum
249 661 395 732 nepotes,
419 650 519 714 (laium
536 653 687 715 Octavium
702 675 740 717 en
756 659 911 735 dodrante,
936 667 966 718 et
981 658 1097 721 Lucium

97 739 243 799 Pinarium
260 745 290 796 et
308 737 441 810 Quintum
463 735 583 796 Pedium
605 756 643 797 en
665 740 820 815 quadrante
840 744 968 823 reliquc;
991 745 1021 803 in
1042 745 1098 804 ima

101 838 172 880 cera
184 819 282 880 Gaium
298 818 447 880 Octavium
458 822 545 881 etiam
560 823 589 880 in
605 820 740 882 familiam
756 841 915 904 nomenque
933 827 1095 907 adoptavit;

101 902 261 985 plerosque
277 922 482 983 percussorum
500 906 529 965 in
547 904 690 964 tutoribus
710 905 766 983 iili,
783 909 808 966 si
826 910 874 986 qui
890 909 945 968 sibi
962 930 1096 974 nascere-

99 997 160 1064 tur,
180 989 349 1064 nominavit‚
370 988 521 1049 Decimum
537 988 655 1049 Brutum
674 991 760 1051 etiam
780 992 809 1051 in
828 991 963 1050 secundis
984 994 1096 1056 beredi-

63 1071 162 1131 robus.
191 1069 303 1151 Populo
321 1071 423 1132 bortos
446 1075 525 1134 circa
551 1073 680 1135 Tiberim
702 1074 839 1154 publice,
861 1083 890 1134 et
913 1076 1018 1136 viritim
1040 1085 1098 1137 tre·

97 1172 187 1216 cenos
212 1157 369 1217 sestertios
385 1157 504 1235 legavit.

159 1237 273 1299 Funere
295 1239 404 1300 indicto
431 1259 523 1318 rogus
545 1252 709 1304 exstructus
731 1253 777 1304 est
803 1244 832 1302 in
855 1240 958 1306 llartio
990 1258 1139 1326 composa

96 1325 177 1382 iuxta
192 1322 283 1382 Iuliae
300 1323 436 1381 tumulum
452 1332 482 1382 et
496 1340 554 1399 pro
576 1329 680 1386 rostris
705 1336 804 1387 aurata
821 1326 909 1386 aedes
927 1329 962 1388 ad
981 1330 1094 1392 simula·

100 1421 181 1464 crum
205 1404 304 1481 templi
324 1406 450 1464 Veneris
472 1403 635 1464 Genetricis
657 1409 815 1474 collocata;
848 1411 980 1487 intraque
1001 1413 1097 1472 lectus

64 1506 90 1545 15
103 1486 247 1547 eburneus
268 1502 338 1545 auro
361 1504 395 1546 ao
415 1504 543 1566 purpura
570 1495 692 1564 stratus,
725 1497 755 1546 et
780 1487 816 1546 ad
841 1497 926 1564 caput
947 1499 1098 1568 tropaeum

101 1588 166 1631 cum
184 1579 283 1647 veste,
306 1571 335 1630 in
359 1587 415 1649 qua
437 1570 532 1630 fuerat
556 1572 683 1632 occisus.
712 1568 946 1631 Praeierentibus
969 1589 1097 1652 munera,

99 1656 165 1734 quia
182 1654 356 1715 suffecturus
374 1653 437 1714 dies
454 1671 513 1714 nou
530 1654 696 1733 videbatur,
719 1662 924 1736 praeceptum,
948 1664 977 1714 ut
991 1658 1098 1717 omisso

99 1738 209 1815 ordine,
221 1737 323 1818 quibus
335 1740 457 1820 quisque
467 1738 558 1799 vellet
569 1738 719 1800 itineribus
732 1738 822 1819 urbia,
834 1748 963 1821 portaret
975 1742 1003 1800 in
1016 1738 1097 1803 Carn-

99 1840 174 1902 pum.
196 1821 275 1882 inter
285 1821 368 1882 ludos
382 1832 494 1888 cantata
510 1833 575 1886 aunt
587 1824 725 1907 quaedam
737 1824 773 1887 ad
787 1826 1000 1887 miserationem
1015 1835 1044 1886 et
1055 1828 1096 1886 in·

63 1906 201 1976 tovidiam
213 1905 312 1972 caedis
328 1911 390 1971 eius
408 1912 624 1974 accommodata
637 1931 674 1972 cx
686 1912 793 1973 Pacuvi
810 1911 963 1972 Armorum
978 1909 1095 1972 iudicio:

244 1999 469 2070 Menamasse,
490 2005 521 2054 ut
538 2006 627 2056 essent
642 2002 692 2072 qui
706 2016 748 2055 me
764 2002 933 2071 perderent?

98 2090 130 2140 et
147 2097 184 2140 en
199 2077 320 2138 Electra
335 2076 407 2137 Atili
423 2077 459 2137 ad
484 2078 606 2137 similem
622 2082 801 2139 sententiam.
828 2078 1010 2140 Laudationis
1026 2079 1095 2141 loco

99 2163 202 2225 consul
221 2161 365 2221 Antonius
382 2179 436 2240 per
448 2177 625 2239 praeconem
640 2162 834 2238 pronuntiavit
849 2170 965 2221 senatus
981 2163 1094 2223 consul-

97 2257 173 2325 tum,
197 2264 254 2325 quo
280 2245 374 2305 omnia
398 2242 481 2304 simul
501 2244 528 2302 ei
552 2242 647 2302 divina
669 2252 754 2321 atque
771 2244 892 2303 bumana
914 2243 1095 2320 decreverat,

60 2334 168 2392 mitem
187 2328 404 2405 iusiurandum,
421 2344 478 2407 quo
500 2345 532 2386 se
550 2327 645 2387 cuncti
669 2344 724 2406 pro
746 2326 839 2386 salute
856 2327 938 2385 unius
957 2329 1096 2386 astrinxe·

97 2424 177 2484 rant;
192 2413 295 2493 quibus
312 2429 459 2493 perpauca
474 2429 491 2471 a
505 2430 538 2472 se
553 2411 643 2471 verba
659 2411 775 2472 addidit.
793 2409 911 2470 Lectum
926 2426 980 2489 pro
995 2409 1098 2469 rostris

98 2501 128 2559 in
150 2499 244 2559 iorum
260 2499 445 2574 magistratus
466 2504 495 2555 et
516 2494 676 2556 bonoribus
696 2496 786 2556 functi
803 2492 973 2554 detulerunt.
1007 2495 1098 2569 Quem

100 2601 164 2644 cum
187 2600 255 2662 pars
280 2582 309 2641 in
332 2579 489 2660 Capitolini
513 2579 593 2641 lovis
617 2581 691 2640 cella
717 2597 846 2640 cremare
869 2595 937 2657 pars
959 2579 988 2637 in
1019 2581 1097 2639 curia

99 2667 220 2746 Pompei
246 2665 419 2743 destinaret,
448 2674 572 2743 repente
593 2664 649 2724 duo
673 2664 801 2743 quidam,
825 2661 930 2740 gladiis
956 2664 1096 2723 succincti

62 2769 134 2822 acac
159 2750 225 2811 bina
250 2749 345 2811 iacula
370 2758 537 2828 gestantes,
567 2749 732 2809 ardentibus
754 2750 849 2809 cereis
875 2747 1095 2823 succenderunt,

101 2835 311 2915 confestimque
347 2835 588 2894 circumstantium
613 2833 696 2893 turba
718 2832 845 2910 virgulta
870 2831 949 2892 arida
975 2841 1005 2891 et
1033 2849 1097 2892 cunr

100 2918 247 2980 subselliis
268 2916 435 2994 tribunalia,
460 2917 597 2997 quicquid
617 2926 769 2996 praeterea
795 2915 831 2976 ad
852 2914 956 2975 donum
987 2915 1095 2990 aderat,

101 3003 260 3081 congessit.
280 2999 392 3060 Deinde
408 3000 544 3061 tibicines
560 3011 588 3061 et
600 3001 709 3060 scenici
726 3000 852 3060 artifices
866 3009 987 3077 vestem,
1013 3016 1097 3078 quam

99 3105 139 3148 ex
151 3084 359 3165 triumphorum
373 3086 560 3145 instrumento
576 3084 612 3145 ad
628 3093 811 3164 praesentem
831 3102 913 3144 usum
934 3084 1095 3158 induerant,

63 3171 258 3236 andetractam
273 3169 329 3229 sibi
348 3178 433 3249 atque
449 3166 600 3230 discissam
620 3170 748 3247 iniecere
771 3169 917 3245 flammae,
942 3177 970 3227 et
984 3175 1095 3227 vetera·

98 3273 201 3316 norum
221 3254 340 3315 militum
365 3252 520 3331 legionarii
547 3272 625 3313 arma
650 3271 716 3331 sua,
752 3253 854 3333 quibus
880 3251 988 3312 exculti
1012 3250 1097 3309 iunus

102 3338 303 3410 celebrabant3
321 3347 469 3399 matronae
487 3337 571 3397 etiam
586 3338 744 3417 pleraeque
761 3343 927 3397 ornamenta
942 3352 1004 3410 sua,
1024 3352 1088 3413 quat

99 3422 256 3503 gerebant,
275 3433 305 3484 et
321 3423 479 3485 liberorum
493 3419 587 3482 bullas
603 3430 687 3501 atque
703 3430 894 3564 praetextaq*
