2286 3862
120 199 179 262 182
213 212 243 260 c.
260 210 409 258 sunnoru
427 208 553 267 ranno.
569 209 616 255 nn
633 209 717 256 vina
734 208 918 259 canemus
932 212 1009 261 nm.
1022 214 1074 263 vs.

120 386 202 449 quam
228 375 330 447 postea
352 363 469 441 publico
492 381 526 422 se
548 361 618 422 illud
636 362 728 424 horae
748 365 811 425 siue
833 364 959 427 tribunis
981 370 1126 431 commisit

120 449 223 532 procul
241 459 269 509 et
284 447 399 509 occulte
414 444 664 525 subsequentibus.
698 445 826 508 interdiu
841 464 963 529 quoque
979 451 1057 515 clam
1070 473 1123 533 ge·

120 536 237 597 statoria
253 533 327 593 sella
342 530 455 593 delatus
469 533 497 590 iu
513 529 661 607 theatrum,
677 530 868 593 seditionibus
880 537 1121 613 pantomimorum

120 639 137 680 e
153 628 235 699 parte
250 617 403 698 proscaeni
419 616 571 693 superiore
586 615 707 693 signifer
721 615 804 677 simul
824 634 859 677 ac
879 626 1033 697 spectator
1051 621 1117 681 ade-

119 714 176 773 rat;
195 713 224 763 et
239 720 302 762 cum
316 699 352 760 ad
366 716 464 758 manus
481 706 597 760 ventum
611 708 691 759 esset
701 699 905 780 lapidibusque
922 711 956 763 et
967 702 1132 771 subsellio-s

119 806 180 848 rum
196 783 384 863 fragminibus
396 783 612 860 decerneretur,
627 783 714 857 rqulta
728 792 757 844 et
769 786 832 864 ipse
844 785 916 846 iecit
929 787 961 847 in
970 786 1112 868 populum,

77 880 205 950 qqatque
221 870 304 929 etiam
324 869 467 947 praetoris
487 875 574 946 caput
590 868 794 929 consauciavit.
838 868 983 933 Paulatim
997 873 1116 933 veroin·

120 952 336 1015 valescentibus
352 953 440 1027 vitiis,
457 951 595 1012 iocularia
610 959 639 1011 et
654 951 781 1014 latebras
798 953 893 1014 omisit
909 954 1054 1036 nullaque
1066 955 1119 1017 dis-

119 1037 269 1099 simulandi
283 1056 352 1097 cura
368 1036 403 1097 ad
421 1037 530 1095 maiora
547 1035 640 1113 palam
656 1037 760 1115 erupit.

182 1122 291 1201 Epulas
305 1139 321 1181 a
336 1119 432 1180 medic
449 1119 496 1178 die
515 1118 550 1179 ad
562 1120 682 1182 mediam
694 1129 809 1182 noctem
822 1121 1028 1201 protrahebat,
1044 1125 1117 1185 reio·
1127 1137 1141 1178 ¹¹

118 1214 163 1265 tus
178 1205 295 1283 saepius
312 1203 411 1264 calidis
428 1204 546 1281 piscinis
566 1222 600 1264 ac
622 1213 753 1283 tempore
774 1205 884 1267 aestivo
908 1206 1037 1279 niratis;
1059 1226 1119 1269 cae·

118 1287 284 1365 uitabatque
299 1304 508 1366 nonnumquam
525 1296 554 1347 et
574 1289 602 1347 in
624 1287 753 1367 publico,
775 1288 943 1350 naumachia
966 1292 1120 1371 praeclusa

118 1372 166 1431 vel
180 1372 281 1432 blartio
304 1389 406 1451 campo
429 1370 475 1431 vel
499 1373 577 1432 circo
599 1373 732 1449 maximo,
755 1374 831 1433 inter
849 1381 1020 1435 scortorum
1039 1378 1119 1437 totius

118 1456 198 1516 urbis
223 1464 252 1515 et
278 1455 489 1516 ambubaiarum
512 1457 678 1516 ministeria.
723 1458 864 1532 Quotiens
883 1455 998 1519 Ostiam
1026 1459 1119 1521 Tiberi

118 1540 259 1601 deflueret
274 1549 322 1600 aut
335 1538 472 1600 Baianum
488 1542 578 1598 sinum
594 1541 870 1619 praeternavigaret,
890 1542 1058 1623 dispositae
1070 1562 1141 1624 pero

118 1625 203 1685 litora
228 1633 257 1683 et
292 1625 371 1703 ripas
404 1624 590 1683 deuersoriae
617 1624 754 1685 tabernae
783 1625 960 1705 parabantur
990 1628 1117 1706 insignes

118 1726 212 1785 ganea
229 1717 258 1767 et
271 1717 463 1768 matronamm
479 1707 619 1767 institorio
644 1725 735 1787 copas
757 1709 923 1771 imitantium
947 1719 1039 1791 atque
1059 1712 1116 1773 hinc

118 1792 182 1851 inde
198 1792 371 1852 hortantium
388 1801 417 1851 ut
432 1790 605 1871 appelleret.
649 1791 799 1853 indicebat
812 1802 841 1853 et
852 1793 1049 1857 familiaribus
1060 1813 1115 1856 cae·

15 1938 23 1951 ¹
117 1893 181 1950 nas,
199 1893 319 1953 quorum
334 1875 381 1934 uni
395 1874 524 1935 mitellita
538 1874 714 1952 quadragies
729 1878 865 1937 sestertio
877 1879 1025 1958 constitit,
1043 1878 1114 1941 alteri

119 1957 210 2035 pluris
226 1960 372 2038 aliquanto
387 1960 508 2019 rosaria.
1114 1978 1132 2020 a

83 2070 118 2125 23
182 2042 278 2122 Super
294 2045 482 2121 ingenuorum
498 2044 683 2122 paedagogia
700 2053 730 2104 et
743 2051 894 2122 nuptarum
910 2044 1113 2107 concubinatus

118 2126 230 2187 Vestali
253 2128 356 2205 virgini
377 2126 504 2187 Rubriae
526 2131 583 2188 vim
603 2127 712 2204 intulit,
736 2127 831 2187 Acten
847 2127 986 2189 libertam
1009 2128 1114 2210 paulun

117 2211 186 2272 afuit
201 2213 268 2290 quin
285 2212 359 2271 iusto
375 2211 428 2271 sibi
449 2213 629 2272 matrimonio
650 2211 849 2289 coniungeret,
871 2210 1035 2275 summissis
1056 2230 1114 2275 con

117 2295 261 2356 sularibus
276 2297 344 2354 viris
362 2298 409 2375 qui
430 2297 514 2372 regio
535 2315 646 2373 genere
672 2303 762 2355 ortam
789 2297 973 2374 peierarent;
1002 2313 1115 2377 puemm

117 2382 241 2458 Sporum
258 2381 370 2439 exectis
388 2378 509 2439 testibus
531 2381 616 2440 ctiam
637 2381 664 2439 iu
685 2377 854 2439 muliebrem
874 2389 1009 2442 naturam
1031 2391 1137 2443 nanno

116 2464 243 2540 figurare
258 2471 389 2539 conatus,
407 2481 469 2523 cum
485 2463 552 2524 dote
571 2473 600 2523 et
613 2463 744 2524 flammeo
760 2481 814 2542 per
830 2463 986 2526 sollemnia
1008 2466 1113 2546 nuptia

115 2565 176 2606 rum
202 2546 392 2607 celeberrimo
417 2548 514 2607 officio
537 2547 688 2607 deductum
710 2546 746 2607 ad
767 2566 800 2607 se
820 2565 874 2627 pro
897 2566 994 2609 uxore
1012 2548 1114 2611 habuit

115 2629 259 2710 Extatque
276 2630 420 2691 cuiusdam
435 2647 492 2690 non
505 2633 623 2691 inscitus
636 2633 728 2708 iocus,
745 2630 820 2692 benc
835 2631 889 2713 apt
896 2631 1043 2710 potuisse
1053 2649 1116 2697 carn

114 2712 210 2773 rebus
224 2714 376 2790 hamonis,
393 2714 423 2773 si
432 2713 584 2777 Domitius
597 2722 689 2794 poter
701 2715 792 2777 talem
802 2714 964 2777 habuisset
974 2734 1113 2781 worma.

115 2795 196 2856 Hunc
217 2798 352 2876 Sporum,
374 2797 567 2875 Augustarum
588 2801 761 2860 ornamentis
783 2798 928 2860 excultum
948 2799 1139 2880 lecticaquett

115 2888 247 2956 vectum,
273 2892 300 2941 et
325 2884 402 2943 circa
424 2891 582 2942 conventus
602 2893 802 2962 mercatusque
824 2882 965 2945 Graeciae
995 2903 1033 2946 ac
1051 2902 1115 2946 mor

114 2963 224 3023 Romae
242 2967 319 3024 circa
335 2967 480 3043 Sigillaria
503 2967 653 3027 comitatus
674 2975 729 3043 est,
753 2966 907 3028 identidem
928 2968 1114 3030 exosculans.

115 3045 186 3107 Nam
202 3050 300 3106 matris
316 3050 496 3110 concubitum
512 3053 661 3130 appetisse
676 3059 706 3111 et
722 3050 757 3113 ab
775 3050 1022 3113 obtrectatoribus
1044 3053 1114 3129 eius,

116 3150 151 3190 ne
168 3132 253 3191 ferox
271 3139 355 3209 atque
371 3135 513 3212 impotens
527 3136 629 3195 mulier
645 3145 673 3195 et
687 3135 743 3197 hoc
759 3153 869 3213 genere
892 3137 1007 3212 gratiae
1030 3153 1113 3215 prae·

116 3216 238 3294 valeret,
254 3215 430 3293 deterritum,
446 3236 530 3278 nemo
551 3219 705 3296 dubitarit,
727 3221 824 3299 utique
845 3227 1000 3300 postquam
1021 3227 1138 3281 mere-tt

116 3300 226 3377 tricem,
243 3317 325 3379 quam
341 3299 416 3358 lama
433 3310 494 3360 erat
511 3301 692 3383 Agrippinae
709 3303 894 3380 simillimam,
915 3304 992 3365 inter
1008 3320 1113 3365 concu-

115 3378 196 3443 binas
212 3385 332 3463 recepit.
378 3380 451 3442 Olim
468 3386 552 3444 etiam
569 3390 701 3465 quotiens
717 3388 822 3448 lectica
838 3405 902 3447 cum
916 3395 1011 3449 matre
1027 3387 1113 3449 sehe-

115 3473 203 3549 retur,
216 3469 391 3530 libidinatum
403 3468 513 3527 inceste
527 3487 561 3528 ac
572 3471 691 3531 maculis
702 3472 793 3532 vestis
805 3470 950 3550 proditum
958 3471 1113 3535 aillrmaut
