2334 3870
444 220 549 269 nrvos
569 219 751 270 ennomus.
1035 211 1095 274 169

100 375 273 438 conscientia
291 394 423 457 quoque,
440 392 496 436 nec
511 378 603 437 minos
619 377 767 439 delatores
781 377 934 438 multorum
950 379 1096 440 criminum

98 459 265 536 arguebant.

160 543 196 604 uc
213 563 326 606 veneno
343 545 457 623 quidem
474 547 602 605 occisum
625 548 774 618 convenit;
805 545 853 606 ubi
876 555 969 607 antem
992 556 1021 608 et
1042 566 1096 627 per

98 645 181 707 quem
195 628 277 708 dato,
295 629 450 709 discrepat.
477 629 597 704 Quidam
611 629 737 710 tradunt,
755 632 883 712 epulanti
899 633 927 691 in
946 649 1015 691 arce
1032 649 1096 692 cnm

76 712 300 773 nsacerdotibus
328 730 381 793 per
401 713 535 774 Halotum
557 713 715 793 spadonem
740 725 1008 794 praegustatorem;
1037 714 1097 792 alii,

96 797 258 857 domestico
282 797 416 858 convivio
437 816 491 878 per
517 800 610 879 ipsam
631 798 838 878 Agrippinam,
869 819 942 880 quae
965 799 1096 861 boletum

96 882 267 943 medicatum
287 883 449 944 avidissimo
479 882 611 943 ciborum
631 882 727 942 talium
752 883 905 962 optulerat.
943 884 1036 944 Etiam
1057 882 1094 943 de

10 978 13 1023 t
97 967 338 1045 subsequentibus
354 968 467 1029 diversa
484 968 560 1030 fama
577 975 631 1028 est.
654 967 736 1028 Multi
752 968 847 1028 statim
861 967 962 1028 hausto
978 984 1093 1027 veneno

96 1051 271 1112 obmutuisse
288 1054 377 1129 aiunt,
396 1055 649 1131 excruciatumque
668 1052 818 1113 doloribus
834 1061 921 1112 nocte
939 1060 998 1112 tota
1015 1050 1066 1110 dei
1083 1083 1094 1094 ·

60 1149 85 1192 rc
96 1131 172 1196 cisse
189 1153 281 1214 prope
301 1136 404 1196 lucem.
431 1136 568 1197 Nonnulli
584 1137 659 1197 inter
674 1138 754 1198 initia
771 1139 971 1216 consopitum,
991 1134 1096 1196 deinde

96 1220 162 1280 cibo
179 1219 313 1279 affluente
329 1223 494 1282 evomuisse
510 1223 619 1300 omnia,
636 1225 848 1301 repetitumque
867 1224 983 1299 toxico,
1000 1223 1096 1280 incer-

94 1315 152 1363 tum
164 1303 272 1380 pultine
284 1303 396 1379 addito,
412 1322 475 1363 cum
487 1305 566 1363 velut
578 1305 747 1365 exhaustum
760 1308 841 1366 refici
857 1306 921 1367 cibo
933 1313 1096 1386 oporteret,

96 1406 132 1447 an
147 1386 274 1444 immisso
293 1403 347 1462 per
364 1385 508 1460 clystera,
523 1395 554 1443 ut
571 1388 652 1462 quasi
669 1388 840 1448 abundantia
855 1389 998 1450 laboranti
1010 1391 1097 1448 etiam

96 1471 156 1528 hoc
172 1485 282 1544 genere
297 1468 456 1544 egestionis
472 1467 682 1526 subveniretur.
697 1469 777 1528 Mors
793 1473 855 1528 eius
868 1463 961 1530 celata
973 1479 1028 1545 est,
1046 1469 1139 1532 dodi

62 1571 153 1617 asnec
175 1552 252 1611 circa
272 1568 475 1611 successorem
493 1551 586 1610 omnia
611 1550 819 1610 ordinarentur.
848 1551 948 1630 ltaque
970 1561 999 1611 et
1015 1551 1097 1629 quasi

98 1653 153 1717 pro
172 1652 263 1711 aegro
278 1634 371 1695 adbuc
387 1644 454 1695 vota
471 1642 607 1713 suscepta
624 1643 705 1711 sunt,
728 1643 757 1694 et
779 1633 886 1694 inducti
909 1654 963 1714 per
984 1633 1096 1695 simula·

10 1772 13 1789 ,
96 1722 203 1780 tionem
214 1718 356 1797 comoedi,
375 1721 422 1798 qui
431 1719 510 1779 velut
522 1718 734 1780 desiderantem
748 1718 939 1779 oblectarent.
961 1718 1099 1778 Excessit

95 1803 195 1865 lll.ld.
205 1802 309 1864 Octob.
322 1804 424 1863 Asinio
438 1804 590 1881 Marcello,
598 1803 694 1864 Acilio
702 1803 810 1865 Aviola
820 1822 897 1864 coss.
911 1804 1097 1881 sexagesimo

97 1896 199 1968 quarto
219 1891 337 1965 aetatis,
354 1890 466 1966 imperii
482 1898 582 1968 quarto
594 1889 707 1949 decimo
723 1907 815 1966 anno,
833 1890 1041 1967 funeratusque
1053 1894 1098 1946 est

57 1994 86 2036 oo
97 1971 231 2032 sollemni
252 1973 413 2050 principum
427 1989 533 2051 pompa
556 1982 585 2032 et
608 1974 636 2032 in
659 1992 806 2033 nnmerum
832 1973 950 2034 deorum
972 1972 1095 2041 relatus;

97 2073 182 2135 quem
199 2055 340 2114 honorem
353 2073 369 2114 a
383 2056 502 2115 Nerone
517 2055 682 2116 destitutum
695 2058 890 2136 abolitumque
904 2060 1017 2136 recepit
1028 2074 1097 2117 mox
1119 2095 1122 2100 -

97 2158 151 2219 per
167 2139 387 2218 Vespasianum.
420 2139 576 2216 Praesagia
593 2143 694 2199 mortis
710 2144 771 2201 eins
793 2143 950 2221 praecipua
966 2141 1140 2206 lueruntzto

97 2232 217 2284 exortus
238 2224 358 2283 crinitae
379 2223 499 2297 stellae,
527 2240 611 2301 quam
628 2234 760 2284 cometen
781 2235 903 2303 vocant,
932 2232 1096 2301 tactumque

97 2307 133 2368 de
151 2308 234 2367 caelo
250 2318 461 2368 monumentum
477 2306 563 2367 Drusi
581 2309 687 2386 patris,
711 2318 740 2368 et
755 2310 831 2388 quod
849 2310 952 2371 eodem
968 2324 1042 2369 anno
1060 2324 1098 2365 ex

58 2410 87 2453 aa
98 2394 222 2452 omnium
237 2394 451 2468 magistratuum
466 2408 576 2467 genere
593 2391 727 2470 plerique
742 2403 864 2454 mortem
880 2393 1020 2454 obierant.
1039 2389 1098 2450 Sed

96 2493 152 2536 nec
167 2478 230 2556 ipse
244 2477 397 2553 ignorasse
412 2484 459 2537 aut
471 2475 666 2536 dissimulasse
680 2476 778 2539 ultima
790 2480 865 2538 vitae
880 2496 950 2538 suae
965 2487 1097 2554 tempora

95 2559 224 2637 videtur,
249 2560 359 2638 aliquot
379 2559 492 2640 quidem
516 2562 701 2637 argumentis.
734 2561 806 2622 Nam
826 2572 855 2622 et
877 2581 940 2622 cum
962 2559 1098 2621 consules

97 2644 281 2722 designaret,
299 2647 442 2705 neminem
459 2642 533 2704 ultra
553 2662 681 2705 mensem
700 2663 757 2725 quo
780 2647 851 2707 obiit
870 2646 1044 2723 designavit,
1069 2651 1099 2704 et

96 2730 127 2787 in
148 2737 263 2806 senatu,
291 2730 336 2789 cni
364 2729 523 2790 norissima
544 2729 684 2808 interluit,
713 2731 829 2791 multum
850 2731 886 2793 ad
911 2728 1098 2790 concordiam

58 2833 88 2876 ao
98 2811 210 2873 liberos
223 2829 293 2872 snos
306 2812 484 2889 cohortatus,
498 2814 647 2891 utriusque
659 2822 780 2875 aetatem
789 2816 961 2895 suppliciter
969 2811 1098 2891 patribus

98 2896 324 2974 commendavit,
342 2906 371 2956 et
386 2897 413 2956 in
425 2897 522 2957 ultima
537 2898 704 2974 cognitione
716 2918 770 2978 pro
786 2899 919 2959 tribunali
928 2895 1101 2959 accessisse

98 2980 249 3059 adfinem
266 2980 482 3055 mortalitatis,
511 2997 680 3059 quamquam
699 2983 927 3045 abominantibus
940 2982 989 3061 qni
1003 2977 1099 3041 audie·

71 3124 75 3128 *
97 3063 183 3142 bant,
199 3063 290 3126 semel
305 3073 391 3144 atque
407 3064 509 3125 iterum
525 3065 728 3143 pronuntiavit.

550 3330 708 3342 m
