2334 3870
439 201 488 248 nu
505 198 756 250 anonumum.
1042 189 1105 254 267

98 361 170 405 uvas
186 341 321 404 edidisse.
359 340 418 402 Sed
435 342 558 402 maxime
575 341 717 420 llagrabat
731 340 897 403 libidinibus
912 342 941 402 in
956 341 1105 420 mulieres,

99 446 190 508 usque
216 427 252 489 ad
270 426 413 487 infamiam
429 426 505 495 oris;
528 425 605 486 dioto
624 444 740 506 quoque
756 442 815 486 non
834 426 962 487 infaceto
978 434 1106 487 notatam

99 513 193 572 ferunt
215 510 376 588 cuiusdam,
400 511 447 588 qni
473 527 535 570 oum
555 511 584 570 in
599 510 682 570 turba
704 509 835 570 osculum
851 510 905 569 sibi
925 510 1107 588 ingerentem

101 613 260 675 quanquam
272 594 422 671 refugiens
438 593 567 654 devitare
579 612 638 655 non
651 603 768 675 posset,
790 589 843 656 Vsa
858 598 908 671 iu,
923 594 1024 673 inquit,
1038 611 1104 655 ma-

76 692 90 734 s
98 680 209 760 gislan,
228 677 367 758 quotiens
380 676 577 756 festinantem
592 678 723 758 aliquem
736 677 842 756 vides,
859 676 1053 759 abligurire?

161 764 201 824 Μ.
214 762 350 823 Valerius
366 762 492 841 Probus,
509 761 659 840 Berytus,
675 763 722 824 diu
736 765 924 826 centuriatum
939 764 1038 844 petiit,
1055 761 1148 833 dat-24

98 865 154 907 nec
172 845 269 907 taedio
285 846 321 908 ad
340 847 431 908 studia
448 866 481 908 se
503 847 632 909 contulit.
668 846 795 925 Legerat
808 851 837 909 in
854 849 1004 930 provincia
1020 865 1106 928 qnos·

100 930 163 991 dam
178 939 296 991 veteres
316 930 436 992 libellos
455 932 531 1012 apud
551 932 788 1010 grammatistam,
809 932 929 994 durante
951 932 1045 995 adhue
1066 932 1107 992 ibi

98 1017 279 1095 antiquorum
301 1017 455 1095 memoria,
478 1015 601 1077 necdum
621 1017 737 1077 omnino
758 1015 867 1077 abolita
889 1019 964 1077 siout
984 1017 1105 1079 Romae.

62 1099 158 1160 soHos
182 1118 245 1160 oum
267 1099 433 1178 diligentius
454 1110 604 1181 repeteret
625 1111 712 1181 atque
735 1100 810 1163 alios
832 1099 972 1182 deinoeps
996 1116 1106 1180 eogno-

96 1203 181 1246 saere
200 1194 336 1264 cuperet,
354 1189 484 1264 quamvis
499 1204 599 1248 omnes
616 1186 761 1247 contemni
775 1185 928 1266 magisque
944 1183 1106 1266 obprobrio

95 1268 261 1344 legentibus
274 1287 360 1348 qnam
372 1269 485 1346 gloriae
498 1281 527 1333 et
537 1273 644 1332 lruotui
658 1289 725 1332 esse
739 1270 998 1349 animadverteret,
1013 1269 1105 1332 nihilo

97 1353 190 1409 minus
210 1353 240 1409 in
262 1355 415 1429 proposito
435 1356 552 1424 mansit;
577 1355 724 1432 multaque
748 1354 926 1435 exemplaria
956 1362 1104 1417 eontracta

99 1432 254 1493 emendare
272 1450 311 1494 ao
326 1433 504 1510 distinguere
526 1444 555 1495 et
579 1446 719 1497 annotare
738 1440 864 1513 curavit,
889 1437 946 1497 soli
966 1437 1034 1497 huia
1048 1453 1106 1496 neo

61 1535 88 1578 su
98 1518 150 1579 ulli
166 1526 322 1597 praeterea
338 1519 541 1595 grammatices
557 1521 630 1598 parti
646 1517 768 1579 deditus.
807 1519 862 1578 Hie
876 1528 1002 1579 nontam
1019 1519 1104 1578 disei-

98 1601 183 1682 pulos
201 1619 283 1681 qnam
299 1609 462 1662 sectatores
487 1601 597 1681 aliquot
610 1600 718 1663 habuit.
747 1600 898 1680 Nunquam
914 1602 989 1662 enim
1003 1602 1042 1663 ita
1054 1601 1104 1663 do·

98 1687 156 1747 cuit
176 1695 207 1746 ut
219 1687 351 1764 magistri
373 1702 527 1765 porsonam
543 1687 712 1763 sustinerem
734 1701 820 1746 uuum
846 1685 1031 1764 maltorum,
1055 1685 1104 1746 vel

98 1788 162 1833 aum
189 1770 327 1850 plurimos
349 1780 409 1831 tres
430 1779 478 1832 aut
501 1782 623 1851 quatuor
646 1770 880 1850 postmeridianis
901 1769 983 1831 horis
1005 1769 1103 1831 adnit-

96 1865 160 1916 tere
177 1854 308 1933 solebat,
327 1855 495 1935 oubansque
514 1859 590 1918 inter
613 1856 721 1935 longos
736 1873 773 1916 aa
794 1854 1103 1933 vulgaressermonos

61 1940 200 2016 aulegore
218 1939 372 2017 quaedam,
389 1939 476 2019 idque
500 1959 632 2021 perraro.
668 1939 760 2001 Nimis
782 1957 875 2019 pauca
899 1948 927 1999 et
943 1940 1050 2017 exigua
1066 1937 1103 1998 de

98 2020 268 2101 quibusdam
285 2023 400 2083 minutis
415 2025 641 2102 quaestiunculis
657 2023 755 2085 edidit.
787 2024 918 2102 Reliquit
933 2031 1028 2084 autern
1043 2039 1104 2084 non

96 2105 274 2167 mediocrem
289 2106 1101 2188 silvamobservationumsermonisantiqni.
