2286 3862
108 106 150 169 tto
194 115 223 164 c.
240 113 389 164 sunuorr
404 112 531 173 uerno.
547 113 596 160 na
608 113 692 160 vrrs
706 112 894 161 omassum
905 76 982 163 aba.
995 114 1052 164 111.

109 290 177 333 mox
191 270 323 347 dissedit,
347 279 376 330 et
391 269 535 350 aliquanto
550 271 686 346 marius,
708 275 739 327 ut
754 236 844 327 dtlam
865 276 1027 347 perpetuo
1047 287 1119 333 sccu-

109 357 209 435 baret,
226 358 388 434 intercepto
404 354 560 413 communis
579 352 619 413 lili
634 355 775 432 pignore,
798 352 845 431 qui
859 350 1033 431 Aquileiae
1047 364 1119 418 uatus

108 441 202 502 inians
224 441 367 500 extinctus
394 446 448 498 est.
491 435 614 497 Drusum
637 437 757 497 tratrem
781 436 809 494 in
832 434 1002 498 Germania
1028 441 1116 518 amisit,

110 526 189 586 cuius
205 542 327 604 corpus,
349 521 472 602 pedibus
487 529 548 581 toto
564 523 666 581 itinere
681 516 914 599 praegrediens,
935 520 1070 585 Romam
1081 544 1113 585 ue

130 629 166 671 ue
203 608 326 669 ervenit.
1110 627 1120 664 s

80 628 130 769 eq
172 628 303 756 (botrum
321 690 481 751 officiorum
502 689 668 750 rudimentis
684 706 785 766 regem
800 686 994 751 Archelaum
1014 690 1104 753 'lbdln

109 799 164 842 nos
178 787 208 838 et
222 774 397 852 Thessalos,
418 776 499 835 varia
516 791 646 852 quosque
667 773 703 834 de
721 790 823 852 causa,
845 771 997 852 Augusto
1024 792 1111 853 cogno

110 870 211 925 scente
224 859 366 927 defendit:
381 876 437 940 pro
449 857 619 919 Laodicenis
631 857 813 933 Thyatirenis
825 854 919 936 chris,
933 866 1046 922 terrae
1055 869 1115 920 motu

111 947 225 1009 aldictis
236 962 380 1024 opemque
394 941 622 1023 implorantibus,
635 950 764 1002 senatum
777 941 964 1022 deprecatus
978 953 1046 1015 est;
1059 942 1115 1007 lan·

109 1035 186 1092 nium
198 1029 386 1108 Caepionem,
404 1029 527 1106 quicum
543 1028 675 1087 Varrone
690 1025 809 1087 llurena
823 1028 851 1086 in
865 1025 1047 1105 Augustum
1061 1045 1134 1091 cono

110 1118 290 1197 spiraverat,
310 1129 391 1171 reum
407 1111 564 1170 maiestatis
585 1111 660 1190 apud
678 1110 788 1171 iudices
808 1110 883 1171 fecit
900 1120 933 1171 et
950 1111 1117 1175 condemna

110 1203 160 1261 vit.
195 1198 331 1275 lnterque
354 1194 428 1255 hacc
449 1194 593 1273 duplicem
615 1213 712 1255 curam
735 1193 965 1275 administravit,
997 1214 1118 1259 annonae

111 1301 185 1363 quae
200 1282 288 1341 artior
303 1279 459 1357 inciderat,
475 1287 505 1339 et
518 1279 767 1358 repurgandorum
782 1287 843 1340 tota
857 1278 947 1341 ltalia
960 1281 1119 1361 ergastule

110 1386 183 1445 rum,
198 1382 318 1445 quorum
333 1363 439 1424 domini
452 1365 480 1423 in
494 1363 628 1424 invidiam
642 1371 783 1424 venerant
797 1365 882 1443 quasi
895 1376 1054 1447 exceptos
1064 1384 1119 1446 sup·

111 1454 285 1533 primerent,
311 1467 368 1510 non
381 1448 473 1510 solum
486 1451 614 1510 viatores
629 1448 682 1509 sed
702 1457 731 1508 et
746 1465 818 1527 quos
834 1452 1023 1511 sacramenti
1037 1460 1137 1511 metuet

112 1535 147 1598 ad
163 1536 223 1596 eius
239 1534 315 1595 modi
331 1533 458 1594 latebras
475 1533 672 1612 compulisset.

83 1634 101 1689 9
175 1618 323 1698 Stipendia
339 1619 429 1697 prima
451 1617 636 1696 expeditione
657 1615 830 1679 Cantabrica
847 1572 1118 1697 tribunus‘bilitun

110 1706 195 1780 fecit,
217 1703 282 1763 dein
297 1701 383 1761 docto
397 1701 433 1762 ad
451 1701 597 1761 Orientem
613 1703 743 1762 exercitu
760 1719 882 1780 regnum
896 1702 1070 1766 Armeniae·
1083 1705 1119 1765 l'i

111 1789 194 1868 grani
208 1787 333 1846 restitnit
349 1803 382 1844 ac
398 1803 452 1864 pro
466 1784 598 1844 tribunali
614 1785 743 1846 diadema
757 1787 903 1866 imposuit.
948 1788 1087 1869 Recepit
1097 1794 1120 1849 et

112 1875 211 1951 signa,
227 1887 302 1948 quae
316 1868 355 1929 Μ.
371 1867 477 1929 Crasso
493 1868 660 1931 ademerant
672 1870 779 1931 Parthi.
808 1870 878 1931 Post
894 1869 955 1933 hoc
974 1871 1137 1936 Gomatant

112 1955 232 2018 Galliam
247 1971 321 2014 anno
336 1952 401 2013 lere
413 1954 504 2030 rexit,
522 1963 551 2014 et
566 1952 754 2015 barbarorum
768 1954 989 2019 incursionibus
1007 1966 1041 2043 et
1072 1960 1120 2035 gin·

112 2041 207 2118 cipum
233 2038 378 2099 discordia
402 2039 564 2118 inquietam.
607 2038 682 2100 Exin
705 2039 854 2100 Raeticum
873 2039 1022 2111 vtnoattc
1072 2040 1120 2123 dire

111 2123 232 2201 bellurn,
249 2123 315 2184 inde
330 2124 536 2201 Pannonicum,
551 2124 617 2184 inde
634 2124 831 2185 Germanicum
845 2126 950 2201 gessit.
966 2126 1120 2189 ···'Raedm

112 2218 198 2289 atque
214 2208 366 2269 Vindelico
381 2210 477 2286 gentis
488 2207 619 2288 Alpinas,
631 2208 797 2270 Pannonico
813 2207 944 2269 Breucos
960 2218 997 2271 et
1010 2210 1120 2274 llalrna·

111 2303 156 2355 tas
172 2293 304 2371 subegit,
328 2292 498 2354 Germanico
515 2292 703 2372 quadraginta
719 2292 796 2352 milia
812 2291 1023 2357 dediticiorum
1040 2296 1141 2358 traice

112 2380 151 2439 cit
168 2381 197 2438 in
212 2377 332 2440 Galliam
346 2379 481 2456 iuxtaque
497 2378 588 2456 ripam
601 2377 695 2438 Rheni
711 2374 826 2438 sedibus
841 2375 1010 2455 adsignatis
1025 2378 1120 2441 conlo

112 2464 197 2522 cavit.
242 2461 319 2536 Quas
343 2458 380 2521 ob
402 2479 451 2520 res
471 2470 500 2520 et
521 2479 612 2521 ovans
630 2470 659 2521 et
674 2480 758 2522 curru
776 2460 876 2522 urbem
891 2462 1054 2539 ingressus
1072 2472 1121 2539 est,

111 2547 202 2624 prins,
219 2553 249 2602 ut
265 2542 378 2620 qnidam
392 2553 503 2622 putant,
522 2544 739 2624 triumphalibus
754 2546 931 2606 ornamentis
945 2544 1121 2623 honoratus,

111 2644 188 2687 novo
203 2645 258 2686 neo
274 2634 357 2686 antea
373 2629 504 2705 cuiquam
519 2627 625 2690 tributo
642 2647 752 2707 genere
766 2629 896 2690 honoris.

174 2711 359 2787 Magistratus
375 2718 404 2769 et
417 2712 551 2771 maturius
566 2712 712 2773 inchoarit
728 2723 758 2775 et
771 2731 867 2793 paene
880 2713 1004 2777 iunctim
1017 2736 1121 2797 percu·
1139 2758 1141 2763 >

113 2798 217 2873 currit,
241 2803 437 2873 quaesturam,
460 2803 639 2874 praeturam,
663 2798 855 2868 consulatum
882 2799 1122 2883 interpositoque

112 2890 244 2960 tempore
262 2879 363 2940 consul
384 2880 485 2940 iterum
503 2881 588 2941 etiam
609 2880 786 2942 tribuniciam
803 2889 980 2961 potestatem
998 2886 1030 2948 in
1044 2886 1122 2967 quin·

69 2967 263 3047 loquennium
286 2965 410 3042 accepit.
455 2964 510 3025 Tot
525 2966 675 3044 prosperis
692 2965 917 3044 confluentibus,
935 2968 1060 3047 integra
1077 2986 1122 3031 ne·

112 3060 171 3113 tate
198 3068 232 3110 ac
257 3048 413 3109 valitudine
436 3051 533 3109 statuit
558 3059 681 3129 repente
705 3050 846 3111 secedere
866 3069 958 3130 seque
979 3071 1000 3113 e
1024 3052 1121 3115 medio

113 3153 196 3215 quam
217 3134 385 3212 longissime
406 3151 556 3194 amovere:
584 3133 712 3212 dubium,
735 3136 872 3196 uxorisne
893 3135 1011 3216 taedio,
1035 3154 1143 3219 quarn

112 3237 207 3297 neque
232 3218 374 3323 oripipari
392 3226 440 3305 apt
463 3217 604 3278 dimittere
627 3218 745 3279 auderet
765 3236 860 3299 neque
882 3219 958 3281 ultra
979 3222 1120 3300 perferre

112 3311 228 3382 posset,
250 3322 285 3364 an
299 3296 330 3362 ul
340 3284 431 3362 'vitato
449 3302 622 3363 assiduitatis
637 3303 751 3364 fastidio
768 3305 969 3364 auctoritatem
983 3304 1120 3368 absentia

112 3393 241 3446 tueretur
256 3396 341 3467 atque
357 3387 442 3447 etiam
458 3396 589 3464 augeret,
605 3388 629 3447 si
645 3387 758 3467 quaudo
775 3386 947 3464 indiguisset
962 3391 1009 3451 sui
1024 3408 1076 3453 res
1089 3408 1119 3471 p.
