<?xml version="1.0" encoding="UTF-8"?>
<!DOCTYPE html PUBLIC "-//W3C//DTD XHTML 1.0 Transitional//EN"
    "http://www.w3.org/TR/xhtml1/DTD/xhtml1-transitional.dtd">
<html xmlns="http://www.w3.org/1999/xhtml" xml:lang="en" lang="en">
 <head>
  <title>
</title>
<meta http-equiv="Content-Type" content="text/html;charset=utf-8" />
  <meta name='ocr-system' content='tesseract 3.04.00' />
  <meta name='ocr-capabilities' content='ocr_page ocr_carea ocr_par ocr_line ocrx_word'/>
</head>
<body>
  <div class='ocr_page' id='page_1' title='image "./csuetonitranqui00trangoog_0064.png"; bbox 0 0 2334 3870; ppageno 0'>
   <div class='ocr_carea' id='block_1_1' title="bbox 483 174 1031 224">
    <p class='ocr_par' dir='ltr' id='par_1_1' title="bbox 483 174 1031 224">
     <span class='ocr_line' id='line_1_1' title="bbox 483 174 1031 224; baseline 0.004 -2"><span class='ocrx_word' id='word_1_1' title='bbox 483 174 692 224; x_wconf 78' lang='lat' dir='ltr'><strong>PRAEFATIO.</strong></span> <span class='ocrx_word' id='word_1_2' title='bbox 957 175 1031 224; x_wconf 76' lang='lat' dir='ltr'>mvn</span> 
     </span>
    </p>
   </div>
   <div class='ocr_carea' id='block_1_2' title="bbox 128 329 1163 572">
    <p class='ocr_par' dir='ltr' id='par_1_2' title="bbox 128 329 1163 572">
     <span class='ocr_line' id='line_1_2' title="bbox 190 329 1163 409; baseline 0.002 -19"><span class='ocrx_word' id='word_1_3' title='bbox 190 329 305 392; x_wconf 78' lang='lat' dir='ltr'><strong>Meliora</strong></span> <span class='ocrx_word' id='word_1_4' title='bbox 317 334 404 405; x_wconf 88' lang='lat' dir='ltr'>igitur</span> <span class='ocrx_word' id='word_1_5' title='bbox 417 351 450 390; x_wconf 88' lang='lat' dir='ltr'>ea</span> <span class='ocrx_word' id='word_1_6' title='bbox 467 336 591 408; x_wconf 86' lang='lat' dir='ltr'>exempla</span> <span class='ocrx_word' id='word_1_7' title='bbox 603 334 676 398; x_wconf 82' lang='lat' dir='ltr'>dieo,</span> <span class='ocrx_word' id='word_1_8' title='bbox 693 351 763 405; x_wconf 86' lang='lat' dir='ltr'>quae</span> <span class='ocrx_word' id='word_1_9' title='bbox 778 335 934 391; x_wconf 82' lang='lat' dir='ltr'>Indieenr</span> <span class='ocrx_word' id='word_1_10' title='bbox 948 352 1031 409; x_wconf 87' lang='lat' dir='ltr'>prae·</span> <span class='ocrx_word' id='word_1_11' title='bbox 1045 339 1106 387; x_wconf 80' lang='lat' dir='ltr'>tmrt</span> <span class='ocrx_word' id='word_1_12' title='bbox 1117 356 1163 388; x_wconf 73' lang='lat' dir='ltr'>me·</span> 
     </span>
     <span class='ocr_line' id='line_1_3' title="bbox 128 394 1138 493; baseline 0 -18"><span class='ocrx_word' id='word_1_13' title='bbox 128 417 259 480; x_wconf 85' lang='lat' dir='ltr'>seriptum</span> <span class='ocrx_word' id='word_1_14' title='bbox 273 419 377 474; x_wconf 87' lang='lat' dir='ltr'>habent</span> <span class='ocrx_word' id='word_1_15' title='bbox 393 434 487 472; x_wconf 92' lang='lat' dir='ltr'>eorum</span> <span class='ocrx_word' id='word_1_16' title='bbox 502 417 740 489; x_wconf 82' lang='lat' dir='ltr'>grammaticorum</span> <span class='ocrx_word' id='word_1_17' title='bbox 756 424 784 475; x_wconf 91' lang='lat' dir='ltr'>et</span> <span class='ocrx_word' id='word_1_18' title='bbox 795 419 947 492; x_wconf 82' lang='lat' dir='ltr'><strong>rhetorum,</strong></span> <span class='ocrx_word' id='word_1_19' title='bbox 958 425 1031 493; x_wconf 46' lang='grc' dir='ltr'>Χ1110-</span> <span class='ocrx_word' id='word_1_20' title='bbox 1063 394 1138 440; x_wconf 54' lang='grc' dir='ltr'>Μ·</span> 
     </span>
     <span class='ocr_line' id='line_1_4' title="bbox 128 500 1031 572; baseline 0.001 -14"><span class='ocrx_word' id='word_1_21' title='bbox 128 519 187 559; x_wconf 92' lang='lat' dir='ltr'>rum</span> <span class='ocrx_word' id='word_1_22' title='bbox 204 501 275 559; x_wconf 82' lang='lat' dir='ltr'>vitas</span> <span class='ocrx_word' id='word_1_23' title='bbox 292 502 407 562; x_wconf 85' lang='lat' dir='ltr'>libellus</span> <span class='ocrx_word' id='word_1_24' title='bbox 422 501 532 572; x_wconf 76' lang='lat' dir='ltr'>integer</span> <span class='ocrx_word' id='word_1_25' title='bbox 544 500 713 558; x_wconf 64' lang='lat' dir='ltr'>continebat,</span> <span class='ocrx_word' id='word_1_26' title='bbox 757 501 785 558; x_wconf 90' lang='lat' dir='ltr'>Is</span> <span class='ocrx_word' id='word_1_27' title='bbox 802 501 888 559; x_wconf 85' lang='lat' dir='ltr'>index</span> <span class='ocrx_word' id='word_1_28' title='bbox 900 520 1031 560; x_wconf 88' lang='lat' dir='ltr'>neeessa-</span> 
     </span>
    </p>
   </div>
   <div class='ocr_carea' id='block_1_3' title="bbox 127 584 1031 659">
    <p class='ocr_par' dir='ltr' id='par_1_3' title="bbox 127 584 1031 659">
     <span class='ocr_line' id='line_1_5' title="bbox 127 584 1031 659; baseline 0 -17"><span class='ocrx_word' id='word_1_29' title='bbox 127 586 170 642; x_wconf 92' lang='lat' dir='ltr'>rio</span> <span class='ocrx_word' id='word_1_30' title='bbox 189 585 399 657; x_wconf 88' lang='lat' dir='ltr'>antiquissimus</span> <span class='ocrx_word' id='word_1_31' title='bbox 421 591 449 639; x_wconf 90' lang='lat' dir='ltr'>et</span> <span class='ocrx_word' id='word_1_32' title='bbox 464 585 509 641; x_wconf 88' lang='lat' dir='ltr'>vel</span> <span class='ocrx_word' id='word_1_33' title='bbox 524 584 703 641; x_wconf 89' lang='lat' dir='ltr'>Henoohiano</span> <span class='ocrx_word' id='word_1_34' title='bbox 724 584 798 642; x_wconf 90' lang='lat' dir='ltr'>libro</span> <span class='ocrx_word' id='word_1_35' title='bbox 821 587 963 659; x_wconf 72' lang='lat' dir='ltr'>antiquior</span> <span class='ocrx_word' id='word_1_36' title='bbox 979 591 1031 654; x_wconf 90' lang='lat' dir='ltr'>est,</span> 
     </span>
    </p>
   </div>
   <div class='ocr_carea' id='block_1_4' title="bbox 124 668 1036 2406">
    <p class='ocr_par' dir='ltr' id='par_1_4' title="bbox 125 668 1032 1057">
     <span class='ocr_line' id='line_1_6' title="bbox 126 668 1031 741; baseline 0.001 -16"><span class='ocrx_word' id='word_1_37' title='bbox 126 687 187 726; x_wconf 86' lang='lat' dir='ltr'>oum</span> <span class='ocrx_word' id='word_1_38' title='bbox 209 675 237 724; x_wconf 90' lang='lat' dir='ltr'>et</span> <span class='ocrx_word' id='word_1_39' title='bbox 260 668 424 741; x_wconf 71' lang='lat' dir='ltr'>deperditae</span> <span class='ocrx_word' id='word_1_40' title='bbox 444 668 532 739; x_wconf 90' lang='lat' dir='ltr'>partis</span> <span class='ocrx_word' id='word_1_41' title='bbox 552 668 854 740; x_wconf 57' lang='lat' dir='ltr'>nominatservavorit,</span> <span class='ocrx_word' id='word_1_42' title='bbox 881 672 931 726; x_wconf 87' lang='lat' dir='ltr'>olr.</span> <span class='ocrx_word' id='word_1_43' title='bbox 959 669 1031 726; x_wconf 81' lang='lat' dir='ltr'>inira</span> 
     </span>
     <span class='ocr_line' id='line_1_7' title="bbox 125 748 1032 827; baseline -0.001 -18"><span class='ocrx_word' id='word_1_44' title='bbox 125 772 153 827; x_wconf 88' lang='lat' dir='ltr'>p.</span> <span class='ocrx_word' id='word_1_45' title='bbox 166 758 235 820; x_wconf 92' lang='grc'>272,</span> <span class='ocrx_word' id='word_1_46' title='bbox 261 757 289 805; x_wconf 86' lang='grc'>11</span> <span class='ocrx_word' id='word_1_47' title='bbox 310 752 344 807; x_wconf 91' lang='lat' dir='ltr'>ad</span> <span class='ocrx_word' id='word_1_48' title='bbox 370 749 548 824; x_wconf 85' lang='lat' dir='ltr'>superstitem</span> <span class='ocrx_word' id='word_1_49' title='bbox 569 756 675 822; x_wconf 88' lang='lat' dir='ltr'>partem</span> <span class='ocrx_word' id='word_1_50' title='bbox 696 748 938 827; x_wconf 54' lang='lat' dir='ltr'>emendationisffl)</span> <span class='ocrx_word' id='word_1_51' title='bbox 962 771 1032 809; x_wconf 89' lang='lat' dir='ltr'>non-</span> 
     </span>
     <span class='ocr_line' id='line_1_8' title="bbox 125 831 1031 910; baseline 0.001 -18"><span class='ocrx_word' id='word_1_52' title='bbox 125 835 197 892; x_wconf 90' lang='lat' dir='ltr'>nihil</span> <span class='ocrx_word' id='word_1_53' title='bbox 214 834 350 890; x_wconf 81' lang='lat' dir='ltr'>conterat.</span> <span class='ocrx_word' id='word_1_54' title='bbox 380 835 511 892; x_wconf 82' lang='lat' dir='ltr'>Fortasse</span> <span class='ocrx_word' id='word_1_55' title='bbox 527 851 561 889; x_wconf 93' lang='lat' dir='ltr'>ne</span> <span class='ocrx_word' id='word_1_56' title='bbox 577 839 684 889; x_wconf 90' lang='lat' dir='ltr'>erraret</span> <span class='ocrx_word' id='word_1_57' title='bbox 700 834 819 906; x_wconf 87' lang='lat' dir='ltr'>quidem,</span> <span class='ocrx_word' id='word_1_58' title='bbox 834 838 857 892; x_wconf 91' lang='lat' dir='ltr'>si</span> <span class='ocrx_word' id='word_1_59' title='bbox 874 839 936 910; x_wconf 90' lang='lat' dir='ltr'>quis</span> <span class='ocrx_word' id='word_1_60' title='bbox 951 831 1031 894; x_wconf 86' lang='lat' dir='ltr'>Plinii</span> 
     </span>
     <span class='ocr_line' id='line_1_9' title="bbox 127 915 1031 991; baseline 0.003 -17"><span class='ocrx_word' id='word_1_61' title='bbox 127 916 252 987; x_wconf 89' lang='lat' dir='ltr'>maioris,</span> <span class='ocrx_word' id='word_1_62' title='bbox 269 916 361 988; x_wconf 88' lang='lat' dir='ltr'>Gellii,</span> <span class='ocrx_word' id='word_1_63' title='bbox 377 917 492 990; x_wconf 76' lang='lat' dir='ltr'>Hygini,</span> <span class='ocrx_word' id='word_1_64' title='bbox 506 915 641 988; x_wconf 79' lang='lat' dir='ltr'>Polyaeni</span> <span class='ocrx_word' id='word_1_65' title='bbox 656 917 791 988; x_wconf 84' lang='lat' dir='ltr'>exemplis</span> <span class='ocrx_word' id='word_1_66' title='bbox 806 936 872 975; x_wconf 91' lang='lat' dir='ltr'>usus</span> <span class='ocrx_word' id='word_1_67' title='bbox 890 921 944 991; x_wconf 92' lang='lat' dir='ltr'>ipsi</span> <span class='ocrx_word' id='word_1_68' title='bbox 961 921 1031 976; x_wconf 89' lang='lat' dir='ltr'>Sue-</span> 
     </span>
     <span class='ocr_line' id='line_1_10' title="bbox 125 1000 375 1057; baseline -0.008 0"><span class='ocrx_word' id='word_1_69' title='bbox 125 1001 205 1057; x_wconf 91' lang='lat' dir='ltr'>tonio</span> <span class='ocrx_word' id='word_1_70' title='bbox 230 1000 375 1056; x_wconf 91' lang='lat' dir='ltr'>tribueret.</span> 
     </span>
    </p>

    <p class='ocr_par' dir='ltr' id='par_1_5' title="bbox 124 1083 1032 1242">
     <span class='ocr_line' id='line_1_11' title="bbox 188 1083 1032 1157; baseline 0.001 -18"><span class='ocrx_word' id='word_1_71' title='bbox 188 1084 266 1141; x_wconf 88' lang='lat' dir='ltr'>Hune</span> <span class='ocrx_word' id='word_1_72' title='bbox 286 1085 371 1156; x_wconf 86' lang='lat' dir='ltr'>igitur</span> <span class='ocrx_word' id='word_1_73' title='bbox 386 1085 525 1141; x_wconf 88' lang='lat' dir='ltr'>nominum</span> <span class='ocrx_word' id='word_1_74' title='bbox 547 1083 667 1142; x_wconf 90' lang='lat' dir='ltr'>indioem</span> <span class='ocrx_word' id='word_1_75' title='bbox 693 1084 721 1140; x_wconf 94' lang='lat' dir='ltr'>in</span> <span class='ocrx_word' id='word_1_76' title='bbox 739 1085 831 1157; x_wconf 86' lang='lat' dir='ltr'>eapite</span> <span class='ocrx_word' id='word_1_77' title='bbox 851 1085 942 1141; x_wconf 91' lang='lat' dir='ltr'>libelli</span> <span class='ocrx_word' id='word_1_78' title='bbox 964 1087 1032 1142; x_wconf 88' lang='lat' dir='ltr'>sori·</span> 
     </span>
     <span class='ocr_line' id='line_1_12' title="bbox 124 1169 455 1242; baseline 0.003 -18"><span class='ocrx_word' id='word_1_79' title='bbox 124 1173 200 1242; x_wconf 92' lang='lat' dir='ltr'>ptum</span> <span class='ocrx_word' id='word_1_80' title='bbox 215 1169 318 1224; x_wconf 91' lang='lat' dir='ltr'>habent</span> <span class='ocrx_word' id='word_1_81' title='bbox 330 1169 398 1226; x_wconf 91' lang='lat' dir='ltr'>libri</span> <span class='ocrx_word' id='word_1_82' title='bbox 412 1170 455 1225; x_wconf 92' lang='lat' dir='ltr'>hi:</span> 
     </span>
    </p>

    <p class='ocr_par' dir='ltr' id='par_1_6' title="bbox 124 1251 1036 2072">
     <span class='ocr_line' id='line_1_13' title="bbox 167 1251 1033 1327; baseline -0.003 -14"><span class='ocrx_word' id='word_1_83' title='bbox 167 1263 193 1313; x_wconf 92' lang='grc'>1.</span> <span class='ocrx_word' id='word_1_84' title='bbox 209 1251 378 1310; x_wconf 81' lang='lat' dir='ltr'>Vaticani</span> <span class='ocrx_word' id='word_1_85' title='bbox 395 1254 464 1309; x_wconf 91' lang='lat' dir='ltr'>duo</span> <span class='ocrx_word' id='word_1_86' title='bbox 480 1255 514 1310; x_wconf 89' lang='lat' dir='ltr'>ab</span> <span class='ocrx_word' id='word_1_87' title='bbox 529 1253 640 1309; x_wconf 82' lang='lat' dir='ltr'>Achille</span> <span class='ocrx_word' id='word_1_88' title='bbox 657 1253 748 1310; x_wconf 87' lang='lat' dir='ltr'>Statio</span> <span class='ocrx_word' id='word_1_89' title='bbox 769 1271 794 1310; x_wconf 89' lang='lat' dir='ltr'>a.</span> <span class='ocrx_word' id='word_1_90' title='bbox 813 1260 881 1314; x_wconf 85' lang='lat'>1565</span> <span class='ocrx_word' id='word_1_91' title='bbox 902 1253 1033 1327; x_wconf 80' lang='lat' dir='ltr'>inspecti,</span> 
     </span>
     <span class='ocr_line' id='line_1_14' title="bbox 124 1336 1033 1410; baseline 0.001 -17"><span class='ocrx_word' id='word_1_92' title='bbox 124 1336 210 1393; x_wconf 88' lang='lat' dir='ltr'>hodie</span> <span class='ocrx_word' id='word_1_93' title='bbox 225 1336 280 1392; x_wconf 91' lang='lat' dir='ltr'>nisi</span> <span class='ocrx_word' id='word_1_94' title='bbox 297 1337 381 1393; x_wconf 89' lang='lat' dir='ltr'>lallor</span> <span class='ocrx_word' id='word_1_95' title='bbox 402 1336 524 1392; x_wconf 91' lang='lat' dir='ltr'>numeris</span> <span class='ocrx_word' id='word_1_96' title='bbox 538 1344 608 1398; x_wconf 84' lang='lat'>1518</span> <span class='ocrx_word' id='word_1_97' title='bbox 623 1344 652 1391; x_wconf 87' lang='lat' dir='ltr'>et</span> <span class='ocrx_word' id='word_1_98' title='bbox 671 1337 895 1410; x_wconf 78' lang='grc' dir='ltr'>18621111ῑί11ιί,</span> <span class='ocrx_word' id='word_1_99' title='bbox 917 1355 1033 1409; x_wconf 87' lang='lat' dir='ltr'>quorum</span> 
     </span>
     <span class='ocr_line' id='line_1_15' title="bbox 127 1417 1032 1493; baseline 0.002 -19"><span class='ocrx_word' id='word_1_100' title='bbox 127 1417 342 1489; x_wconf 86' lang='lat' dir='ltr'>uterqueTaoiti</span> <span class='ocrx_word' id='word_1_101' title='bbox 361 1435 472 1488; x_wconf 88' lang='lat' dir='ltr'>quoque</span> <span class='ocrx_word' id='word_1_102' title='bbox 485 1418 657 1474; x_wconf 85' lang='lat' dir='ltr'>Germaniam</span> <span class='ocrx_word' id='word_1_103' title='bbox 673 1427 701 1472; x_wconf 92' lang='lat' dir='ltr'>et</span> <span class='ocrx_word' id='word_1_104' title='bbox 716 1421 750 1474; x_wconf 90' lang='lat' dir='ltr'>de</span> <span class='ocrx_word' id='word_1_105' title='bbox 759 1419 934 1490; x_wconf 88' lang='lat' dir='ltr'>Oratoribus,</span> <span class='ocrx_word' id='word_1_106' title='bbox 949 1440 1032 1493; x_wconf 87' lang='lat' dir='ltr'>prae-</span> 
     </span>
     <span class='ocr_line' id='line_1_16' title="bbox 128 1499 1034 1572; baseline 0.003 -17"><span class='ocrx_word' id='word_1_107' title='bbox 128 1507 207 1556; x_wconf 88' lang='lat' dir='ltr'>terea</span> <span class='ocrx_word' id='word_1_108' title='bbox 223 1499 303 1572; x_wconf 93' lang='lat' dir='ltr'>prior</span> <span class='ocrx_word' id='word_1_109' title='bbox 316 1500 518 1571; x_wconf 74' lang='lat' dir='ltr'>Porphyrionis</span> <span class='ocrx_word' id='word_1_110' title='bbox 531 1499 638 1554; x_wconf 81' lang='lat' dir='ltr'>scholia</span> <span class='ocrx_word' id='word_1_111' title='bbox 656 1500 806 1555; x_wconf 87' lang='lat' dir='ltr'>Horatiana</span> <span class='ocrx_word' id='word_1_112' title='bbox 822 1503 956 1556; x_wconf 85' lang='lat' dir='ltr'>eontinet.</span> <span class='ocrx_word' id='word_1_113' title='bbox 977 1505 1034 1559; x_wconf 84' lang='lat' dir='ltr'>Va-</span> 
     </span>
     <span class='ocr_line' id='line_1_17' title="bbox 128 1581 1035 1654; baseline -0.002 -14"><span class='ocrx_word' id='word_1_114' title='bbox 128 1583 245 1640; x_wconf 88' lang='lat' dir='ltr'>rietates</span> <span class='ocrx_word' id='word_1_115' title='bbox 267 1601 282 1639; x_wconf 90' lang='lat' dir='ltr'>a</span> <span class='ocrx_word' id='word_1_116' title='bbox 305 1582 396 1640; x_wconf 84' lang='lat' dir='ltr'>Statio</span> <span class='ocrx_word' id='word_1_117' title='bbox 412 1582 539 1654; x_wconf 90' lang='lat' dir='ltr'>proditas</span> <span class='ocrx_word' id='word_1_118' title='bbox 557 1583 707 1654; x_wconf 85' lang='lat' dir='ltr'>plerasque</span> <span class='ocrx_word' id='word_1_119' title='bbox 728 1582 756 1638; x_wconf 94' lang='lat' dir='ltr'>in</span> <span class='ocrx_word' id='word_1_120' title='bbox 776 1581 905 1638; x_wconf 88' lang='lat' dir='ltr'>Leidensi</span> <span class='ocrx_word' id='word_1_121' title='bbox 924 1599 1035 1654; x_wconf 90' lang='lat' dir='ltr'>quoque</span> 
     </span>
     <span class='ocr_line' id='line_1_18' title="bbox 127 1665 1035 1737; baseline -0.003 -12"><span class='ocrx_word' id='word_1_122' title='bbox 127 1668 174 1725; x_wconf 83' lang='lat' dir='ltr'>ael</span> <span class='ocrx_word' id='word_1_123' title='bbox 190 1665 315 1724; x_wconf 84' lang='lat' dir='ltr'>Gudiano</span> <span class='ocrx_word' id='word_1_124' title='bbox 333 1666 407 1723; x_wconf 88' lang='lat' dir='ltr'>libro</span> <span class='ocrx_word' id='word_1_125' title='bbox 429 1667 571 1737; x_wconf 86' lang='lat' dir='ltr'>invenias,</span> <span class='ocrx_word' id='word_1_126' title='bbox 597 1666 648 1722; x_wconf 91' lang='lat' dir='ltr'>sed</span> <span class='ocrx_word' id='word_1_127' title='bbox 668 1671 729 1722; x_wconf 88' lang='lat' dir='ltr'>uter</span> <span class='ocrx_word' id='word_1_128' title='bbox 744 1665 798 1722; x_wconf 91' lang='lat' dir='ltr'>utri</span> <span class='ocrx_word' id='word_1_129' title='bbox 818 1665 936 1721; x_wconf 90' lang='lat' dir='ltr'>similior</span> <span class='ocrx_word' id='word_1_130' title='bbox 951 1666 988 1722; x_wconf 91' lang='lat' dir='ltr'>sit</span> <span class='ocrx_word' id='word_1_131' title='bbox 1007 1667 1035 1722; x_wconf 92' lang='lat' dir='ltr'>in</span> 
     </span>
     <span class='ocr_line' id='line_1_19' title="bbox 126 1745 1036 1825; baseline 0 -18"><span class='ocrx_word' id='word_1_132' title='bbox 126 1752 176 1807; x_wconf 91' lang='lat' dir='ltr'>illa</span> <span class='ocrx_word' id='word_1_133' title='bbox 194 1750 384 1823; x_wconf 89' lang='lat' dir='ltr'>distinguendi</span> <span class='ocrx_word' id='word_1_134' title='bbox 399 1751 573 1823; x_wconf 91' lang='lat' dir='ltr'>negligentia</span> <span class='ocrx_word' id='word_1_135' title='bbox 589 1766 645 1806; x_wconf 93' lang='lat' dir='ltr'>non</span> <span class='ocrx_word' id='word_1_136' title='bbox 659 1745 818 1825; x_wconf 61' lang='lat' dir='ltr'>dixerisP).</span> <span class='ocrx_word' id='word_1_137' title='bbox 859 1749 959 1805; x_wconf 87' lang='lat' dir='ltr'>Verum</span> <span class='ocrx_word' id='word_1_138' title='bbox 976 1768 1036 1807; x_wconf 87' lang='lat' dir='ltr'>oum</span> 
     </span>
     <span class='ocr_line' id='line_1_20' title="bbox 127 1832 1034 1906; baseline 0.001 -16"><span class='ocrx_word' id='word_1_139' title='bbox 127 1835 156 1890; x_wconf 93' lang='lat' dir='ltr'>in</span> <span class='ocrx_word' id='word_1_140' title='bbox 175 1835 271 1892; x_wconf 88' lang='lat' dir='ltr'>&#39;laeito</span> <span class='ocrx_word' id='word_1_141' title='bbox 293 1835 336 1891; x_wconf 92' lang='lat' dir='ltr'>illi</span> <span class='ocrx_word' id='word_1_142' title='bbox 357 1835 508 1892; x_wconf 88' lang='lat' dir='ltr'>seeundum</span> <span class='ocrx_word' id='word_1_143' title='bbox 525 1835 688 1892; x_wconf 79' lang='lat' dir='ltr'>leideneem</span> <span class='ocrx_word' id='word_1_144' title='bbox 709 1834 805 1906; x_wconf 90' lang='lat' dir='ltr'>optinri</span> <span class='ocrx_word' id='word_1_145' title='bbox 832 1832 1034 1904; x_wconf 87' lang='lat' dir='ltr'>existimentur,</span> 
     </span>
     <span class='ocr_line' id='line_1_21' title="bbox 128 1917 1034 1991; baseline 0 -16"><span class='ocrx_word' id='word_1_146' title='bbox 128 1919 225 1991; x_wconf 88' lang='lat' dir='ltr'>utique</span> <span class='ocrx_word' id='word_1_147' title='bbox 246 1918 404 1990; x_wconf 81' lang='lat' dir='ltr'>dignissimi</span> <span class='ocrx_word' id='word_1_148' title='bbox 425 1926 488 1975; x_wconf 88' lang='lat' dir='ltr'>sunt</span> <span class='ocrx_word' id='word_1_149' title='bbox 514 1919 560 1991; x_wconf 91' lang='lat' dir='ltr'>qui</span> <span class='ocrx_word' id='word_1_150' title='bbox 581 1917 710 1975; x_wconf 86' lang='lat' dir='ltr'>Suetonii</span> <span class='ocrx_word' id='word_1_151' title='bbox 726 1935 836 1990; x_wconf 86' lang='lat' dir='ltr'>quoque</span> <span class='ocrx_word' id='word_1_152' title='bbox 858 1918 951 1989; x_wconf 86' lang='lat' dir='ltr'>gratia</span> <span class='ocrx_word' id='word_1_153' title='bbox 970 1920 1034 1975; x_wconf 93' lang='lat' dir='ltr'>dili-</span> 
     </span>
     <span class='ocr_line' id='line_1_22' title="bbox 130 2003 449 2072; baseline -0.006 -14"><span class='ocrx_word' id='word_1_154' title='bbox 130 2009 230 2072; x_wconf 87' lang='lat' dir='ltr'>genter</span> <span class='ocrx_word' id='word_1_155' title='bbox 248 2003 449 2059; x_wconf 87' lang='lat' dir='ltr'>examinentur.</span> 
     </span>
    </p>

    <p class='ocr_par' dir='ltr' id='par_1_7' title="bbox 130 2084 1035 2406">
     <span class='ocr_line' id='line_1_23' title="bbox 172 2084 1035 2145; baseline 0.002 -4"><span class='ocrx_word' id='word_1_156' title='bbox 172 2090 198 2141; x_wconf 94' lang='grc'>2.</span> <span class='ocrx_word' id='word_1_157' title='bbox 228 2085 417 2140; x_wconf 90' lang='lat' dir='ltr'>Leidensis</span> <span class='ocrx_word' id='word_1_158' title='bbox 432 2084 521 2140; x_wconf 89' lang='lat' dir='ltr'>XVlll</span> <span class='ocrx_word' id='word_1_159' title='bbox 535 2085 623 2140; x_wconf 84' lang='lat' dir='ltr'>Parin.</span> <span class='ocrx_word' id='word_1_160' title='bbox 640 2102 666 2140; x_wconf 89' lang='lat' dir='ltr'>o.</span> <span class='ocrx_word' id='word_1_161' title='bbox 683 2092 715 2145; x_wconf 94' lang='grc'>21</span> <span class='ocrx_word' id='word_1_162' title='bbox 741 2102 801 2140; x_wconf 89' lang='lat' dir='ltr'>oum</span> <span class='ocrx_word' id='word_1_163' title='bbox 822 2087 931 2143; x_wconf 85' lang='lat' dir='ltr'>duobus</span> <span class='ocrx_word' id='word_1_164' title='bbox 947 2085 1035 2143; x_wconf 88' lang='lat' dir='ltr'>&#39;laeiti</span> 
     </span>
     <span class='ocr_line' id='line_1_24' title="bbox 130 2165 1032 2240; baseline 0.003 -19"><span class='ocrx_word' id='word_1_165' title='bbox 130 2166 237 2223; x_wconf 88' lang='lat' dir='ltr'>libellis</span> <span class='ocrx_word' id='word_1_166' title='bbox 251 2165 424 2223; x_wconf 87' lang='lat' dir='ltr'>ooniunotus.</span> <span class='ocrx_word' id='word_1_167' title='bbox 457 2167 585 2240; x_wconf 86' lang='lat' dir='ltr'>Soriptus</span> <span class='ocrx_word' id='word_1_168' title='bbox 602 2175 644 2223; x_wconf 88' lang='lat' dir='ltr'>est</span> <span class='ocrx_word' id='word_1_169' title='bbox 660 2186 685 2224; x_wconf 90' lang='lat' dir='ltr'>a.</span> <span class='ocrx_word' id='word_1_170' title='bbox 700 2171 817 2228; x_wconf 79' lang='grc'>1460111</span> <span class='ocrx_word' id='word_1_171' title='bbox 832 2170 948 2226; x_wconf 88' lang='lat' dir='ltr'>loviano</span> <span class='ocrx_word' id='word_1_172' title='bbox 963 2169 1032 2226; x_wconf 93' lang='lat' dir='ltr'>Pon-</span> 
     </span>
     <span class='ocr_line' id='line_1_25' title="bbox 130 2248 1035 2324; baseline 0.002 -18"><span class='ocrx_word' id='word_1_173' title='bbox 130 2256 207 2321; x_wconf 89' lang='lat' dir='ltr'>tano,</span> <span class='ocrx_word' id='word_1_174' title='bbox 224 2251 346 2307; x_wconf 84' lang='lat' dir='ltr'>tortasse</span> <span class='ocrx_word' id='word_1_175' title='bbox 361 2248 497 2324; x_wconf 82' lang='lat' dir='ltr'>Neapoli,</span> <span class='ocrx_word' id='word_1_176' title='bbox 515 2250 565 2307; x_wconf 86' lang='lat' dir='ltr'>etr.</span> <span class='ocrx_word' id='word_1_177' title='bbox 581 2268 608 2322; x_wconf 94' lang='lat' dir='ltr'>p.</span> <span class='ocrx_word' id='word_1_178' title='bbox 625 2257 801 2321; x_wconf 83' lang='grc'>288,11111.</span> <span class='ocrx_word' id='word_1_179' title='bbox 819 2253 1035 2312; x_wconf 74' lang='grc'>1742111111101</span> 
     </span>
     <span class='ocr_line' id='line_1_26' title="bbox 130 2334 1035 2406; baseline -0.001 -16"><span class='ocrx_word' id='word_1_180' title='bbox 130 2335 204 2391; x_wconf 90' lang='lat' dir='ltr'>unde</span> <span class='ocrx_word' id='word_1_181' title='bbox 220 2352 235 2390; x_wconf 89' lang='lat' dir='ltr'>a</span> <span class='ocrx_word' id='word_1_182' title='bbox 249 2334 432 2392; x_wconf 74' lang='lat' dir='ltr'>leideneihue</span> <span class='ocrx_word' id='word_1_183' title='bbox 455 2340 483 2390; x_wconf 89' lang='lat' dir='ltr'>et</span> <span class='ocrx_word' id='word_1_184' title='bbox 503 2352 568 2390; x_wconf 89' lang='lat' dir='ltr'>aere</span> <span class='ocrx_word' id='word_1_185' title='bbox 585 2334 695 2405; x_wconf 85' lang='lat' dir='ltr'>quidem</span> <span class='ocrx_word' id='word_1_186' title='bbox 717 2336 791 2406; x_wconf 88' lang='lat' dir='ltr'>quod</span> <span class='ocrx_word' id='word_1_187' title='bbox 805 2335 967 2391; x_wconf 80' lang='lat' dir='ltr'>Perizonius</span> <span class='ocrx_word' id='word_1_188' title='bbox 991 2336 1035 2389; x_wconf 93' lang='lat' dir='ltr'>le-</span> 
     </span>
    </p>
   </div>
   <div class='ocr_carea' id='block_1_5' title="bbox 129 2530 1039 3268">
    <p class='ocr_par' dir='ltr' id='par_1_8' title="bbox 129 2530 1039 3268">
     <span class='ocr_line' id='line_1_27' title="bbox 200 2530 1036 2600; baseline 0.001 -17"><span class='ocrx_word' id='word_1_189' title='bbox 200 2530 246 2594; x_wconf 83' lang='grc'>34)</span> <span class='ocrx_word' id='word_1_190' title='bbox 261 2532 427 2584; x_wconf 87' lang='lat' dir='ltr'>Praenomina</span> <span class='ocrx_word' id='word_1_191' title='bbox 444 2536 675 2600; x_wconf 81' lang='lat' dir='ltr'>grammaticorum,</span> <span class='ocrx_word' id='word_1_192' title='bbox 693 2549 757 2598; x_wconf 87' lang='lat' dir='ltr'>quae</span> <span class='ocrx_word' id='word_1_193' title='bbox 774 2537 825 2585; x_wconf 85' lang='lat' dir='ltr'>iam</span> <span class='ocrx_word' id='word_1_194' title='bbox 838 2535 864 2584; x_wconf 93' lang='lat' dir='ltr'>in</span> <span class='ocrx_word' id='word_1_195' title='bbox 874 2531 1036 2584; x_wconf 85' lang='lat' dir='ltr'>Henoohiano</span> 
     </span>
     <span class='ocr_line' id='line_1_28' title="bbox 131 2600 1036 2670; baseline 0.001 -18"><span class='ocrx_word' id='word_1_196' title='bbox 131 2600 196 2652; x_wconf 90' lang='lat' dir='ltr'>libro</span> <span class='ocrx_word' id='word_1_197' title='bbox 217 2600 371 2651; x_wconf 83' lang='lat' dir='ltr'>effluxerant</span> <span class='ocrx_word' id='word_1_198' title='bbox 394 2609 454 2652; x_wconf 89' lang='lat' dir='ltr'>noto</span> <span class='ocrx_word' id='word_1_199' title='bbox 476 2603 520 2654; x_wconf 90' lang='lat' dir='ltr'>illo</span> <span class='ocrx_word' id='word_1_200' title='bbox 547 2604 687 2654; x_wconf 78' lang='lat' dir='ltr'>scribarum</span> <span class='ocrx_word' id='word_1_201' title='bbox 708 2619 779 2654; x_wconf 89' lang='lat' dir='ltr'>more</span> <span class='ocrx_word' id='word_1_202' title='bbox 797 2603 919 2670; x_wconf 81' lang='lat' dir='ltr'>ospitales</span> <span class='ocrx_word' id='word_1_203' title='bbox 940 2602 1036 2653; x_wconf 79' lang='lat' dir='ltr'>litteras</span> 
     </span>
     <span class='ocr_line' id='line_1_29' title="bbox 130 2669 1035 2736; baseline 0 -16"><span class='ocrx_word' id='word_1_204' title='bbox 130 2669 278 2732; x_wconf 89' lang='lat' dir='ltr'>omittendi,</span> <span class='ocrx_word' id='word_1_205' title='bbox 300 2677 328 2719; x_wconf 89' lang='lat' dir='ltr'>ut</span> <span class='ocrx_word' id='word_1_206' title='bbox 348 2671 381 2721; x_wconf 89' lang='lat' dir='ltr'>ab</span> <span class='ocrx_word' id='word_1_207' title='bbox 395 2671 528 2722; x_wconf 89' lang='lat' dir='ltr'>miniatore</span> <span class='ocrx_word' id='word_1_208' title='bbox 548 2673 688 2722; x_wconf 83' lang='lat' dir='ltr'>ornatiores</span> <span class='ocrx_word' id='word_1_209' title='bbox 709 2672 849 2732; x_wconf 89' lang='lat' dir='ltr'>addantur,</span> <span class='ocrx_word' id='word_1_210' title='bbox 875 2670 967 2721; x_wconf 84' lang='lat' dir='ltr'>Indicis</span> <span class='ocrx_word' id='word_1_211' title='bbox 987 2683 1035 2736; x_wconf 88' lang='lat' dir='ltr'>ope</span> 
     </span>
     <span class='ocr_line' id='line_1_30' title="bbox 129 2738 1034 2805; baseline 0.001 -18"><span class='ocrx_word' id='word_1_212' title='bbox 129 2739 271 2804; x_wconf 82' lang='lat' dir='ltr'>reciperato</span> <span class='ocrx_word' id='word_1_213' title='bbox 285 2746 343 2788; x_wconf 89' lang='lat' dir='ltr'>sunt</span> <span class='ocrx_word' id='word_1_214' title='bbox 358 2754 385 2805; x_wconf 88' lang='lat' dir='ltr'>p.</span> <span class='ocrx_word' id='word_1_215' title='bbox 403 2738 463 2802; x_wconf 92' lang='grc'>260,</span> <span class='ocrx_word' id='word_1_216' title='bbox 482 2739 525 2794; x_wconf 81' lang='grc'>34.</span> <span class='ocrx_word' id='word_1_217' title='bbox 544 2739 604 2803; x_wconf 87' lang='grc'>261,</span> <span class='ocrx_word' id='word_1_218' title='bbox 620 2741 663 2791; x_wconf 87' lang='grc'>24.</span> <span class='ocrx_word' id='word_1_219' title='bbox 688 2739 748 2802; x_wconf 89' lang='grc'>262,</span> <span class='ocrx_word' id='word_1_220' title='bbox 769 2740 809 2791; x_wconf 87' lang='lat'>15.</span> <span class='ocrx_word' id='word_1_221' title='bbox 835 2740 895 2801; x_wconf 90' lang='grc'>264,</span> <span class='ocrx_word' id='word_1_222' title='bbox 909 2738 951 2791; x_wconf 87' lang='grc'>26.</span> <span class='ocrx_word' id='word_1_223' title='bbox 974 2738 1034 2801; x_wconf 88' lang='grc'>276,</span> 
     </span>
     <span class='ocr_line' id='line_1_31' title="bbox 129 2806 1035 2873; baseline 0.001 -17"><span class='ocrx_word' id='word_1_224' title='bbox 129 2806 178 2865; x_wconf 84' lang='grc'>21;</span> <span class='ocrx_word' id='word_1_225' title='bbox 194 2822 224 2856; x_wconf 89' lang='lat' dir='ltr'>ae</span> <span class='ocrx_word' id='word_1_226' title='bbox 238 2807 270 2857; x_wconf 86' lang='lat' dir='ltr'>de</span> <span class='ocrx_word' id='word_1_227' title='bbox 285 2815 472 2873; x_wconf 86' lang='lat' dir='ltr'>postremorum</span> <span class='ocrx_word' id='word_1_228' title='bbox 490 2809 598 2860; x_wconf 86' lang='lat' dir='ltr'>duorum</span> <span class='ocrx_word' id='word_1_229' title='bbox 613 2809 720 2859; x_wconf 82' lang='lat' dir='ltr'>veritate</span> <span class='ocrx_word' id='word_1_230' title='bbox 740 2809 842 2860; x_wconf 86' lang='lat' dir='ltr'>aliunde</span> <span class='ocrx_word' id='word_1_231' title='bbox 858 2823 957 2872; x_wconf 91' lang='lat' dir='ltr'>quoque</span> <span class='ocrx_word' id='word_1_232' title='bbox 975 2821 1035 2858; x_wconf 86' lang='lat' dir='ltr'>oon·</span> 
     </span>
     <span class='ocr_line' id='line_1_32' title="bbox 131 2877 1035 2944; baseline 0.002 -20"><span class='ocrx_word' id='word_1_233' title='bbox 131 2882 190 2928; x_wconf 79' lang='lat' dir='ltr'>etat.</span> <span class='ocrx_word' id='word_1_234' title='bbox 232 2878 295 2926; x_wconf 84' lang='lat' dir='ltr'>Item</span> <span class='ocrx_word' id='word_1_235' title='bbox 320 2890 411 2927; x_wconf 89' lang='lat' dir='ltr'>nomen</span> <span class='ocrx_word' id='word_1_236' title='bbox 440 2879 590 2928; x_wconf 80' lang='lat' dir='ltr'>Voltarr&#39;ttua</span> <span class='ocrx_word' id='word_1_237' title='bbox 611 2894 638 2944; x_wconf 88' lang='lat' dir='ltr'>p.</span> <span class='ocrx_word' id='word_1_238' title='bbox 661 2878 729 2938; x_wconf 88' lang='grc'>276,</span> <span class='ocrx_word' id='word_1_239' title='bbox 757 2877 791 2930; x_wconf 87' lang='grc'>13</span> <span class='ocrx_word' id='word_1_240' title='bbox 820 2878 898 2928; x_wconf 80' lang='lat' dir='ltr'>indici</span> <span class='ocrx_word' id='word_1_241' title='bbox 920 2878 1035 2937; x_wconf 86' lang='lat' dir='ltr'>debetur,</span> 
     </span>
     <span class='ocr_line' id='line_1_33' title="bbox 132 2942 1037 3012; baseline 0.004 -22"><span class='ocrx_word' id='word_1_242' title='bbox 132 2942 163 2991; x_wconf 85' lang='lat' dir='ltr'>ab</span> <span class='ocrx_word' id='word_1_243' title='bbox 181 2942 332 3007; x_wconf 71' lang='lat' dir='ltr'>Hieronymo</span> <span class='ocrx_word' id='word_1_244' title='bbox 352 2949 522 3002; x_wconf 79' lang='lat' dir='ltr'>confirmetur.</span> <span class='ocrx_word' id='word_1_245' title='bbox 559 2947 675 2998; x_wconf 80' lang='lat' dir='ltr'>Ceterum</span> <span class='ocrx_word' id='word_1_246' title='bbox 695 2945 756 2996; x_wconf 84' lang='lat' dir='ltr'>vitia</span> <span class='ocrx_word' id='word_1_247' title='bbox 777 2961 877 3012; x_wconf 89' lang='lat' dir='ltr'>quoque</span> <span class='ocrx_word' id='word_1_248' title='bbox 893 2947 971 2997; x_wconf 83' lang='lat' dir='ltr'>iudex</span> <span class='ocrx_word' id='word_1_249' title='bbox 988 2958 1037 2996; x_wconf 85' lang='lat' dir='ltr'>eus</span> 
     </span>
     <span class='ocr_line' id='line_1_34' title="bbox 132 3009 1036 3082; baseline 0.006 -23"><span class='ocrx_word' id='word_1_250' title='bbox 132 3009 215 3072; x_wconf 87' lang='lat' dir='ltr'>habet,</span> <span class='ocrx_word' id='word_1_251' title='bbox 233 3018 261 3061; x_wconf 92' lang='lat' dir='ltr'>ut</span> <span class='ocrx_word' id='word_1_252' title='bbox 276 3028 334 3062; x_wconf 88' lang='lat' dir='ltr'>oum</span> <span class='ocrx_word' id='word_1_253' title='bbox 348 3029 375 3080; x_wconf 86' lang='lat' dir='ltr'>p.</span> <span class='ocrx_word' id='word_1_254' title='bbox 387 3014 446 3077; x_wconf 88' lang='grc'>267,</span> <span class='ocrx_word' id='word_1_255' title='bbox 462 3015 479 3066; x_wconf 94' lang='grc'>6</span> <span class='ocrx_word' id='word_1_256' title='bbox 496 3030 659 3082; x_wconf 87' lang='lat' dir='ltr'>praenomen,</span> <span class='ocrx_word' id='word_1_257' title='bbox 677 3030 703 3081; x_wconf 92' lang='lat' dir='ltr'>p.</span> <span class='ocrx_word' id='word_1_258' title='bbox 722 3015 781 3078; x_wconf 86' lang='grc'>263,</span> <span class='ocrx_word' id='word_1_259' title='bbox 797 3016 829 3067; x_wconf 92' lang='grc'>16</span> <span class='ocrx_word' id='word_1_260' title='bbox 846 3017 974 3082; x_wconf 78' lang='lat' dir='ltr'>integrum</span> <span class='ocrx_word' id='word_1_261' title='bbox 989 3028 1036 3064; x_wconf 91' lang='lat' dir='ltr'>no·</span> 
     </span>
     <span class='ocr_line' id='line_1_35' title="bbox 131 3081 1038 3151; baseline 0.006 -24"><span class='ocrx_word' id='word_1_262' title='bbox 131 3093 189 3128; x_wconf 92' lang='lat' dir='ltr'>men</span> <span class='ocrx_word' id='word_1_263' title='bbox 215 3081 320 3143; x_wconf 87' lang='lat' dir='ltr'>omittit,</span> <span class='ocrx_word' id='word_1_264' title='bbox 345 3097 371 3149; x_wconf 88' lang='lat' dir='ltr'>p.</span> <span class='ocrx_word' id='word_1_265' title='bbox 390 3083 458 3146; x_wconf 84' lang='grc'>265,</span> <span class='ocrx_word' id='word_1_266' title='bbox 486 3085 520 3137; x_wconf 83' lang='grc'>18</span> <span class='ocrx_word' id='word_1_267' title='bbox 540 3085 667 3150; x_wconf 65' lang='lat' dir='ltr'>frygianum</span> <span class='ocrx_word' id='word_1_268' title='bbox 688 3083 762 3135; x_wconf 80' lang='lat' dir='ltr'>offert</span> <span class='ocrx_word' id='word_1_269' title='bbox 783 3100 830 3150; x_wconf 87' lang='lat' dir='ltr'>pro</span> <span class='ocrx_word' id='word_1_270' title='bbox 847 3083 955 3151; x_wconf 63' lang='grc' dir='ltr'>111ρί1101</span> <span class='ocrx_word' id='word_1_271' title='bbox 978 3095 1038 3132; x_wconf 83' lang='lat' dir='ltr'>nam</span> 
     </span>
     <span class='ocr_line' id='line_1_36' title="bbox 131 3146 1039 3218; baseline 0.003 -22"><span class='ocrx_word' id='word_1_272' title='bbox 131 3163 157 3212; x_wconf 91' lang='lat' dir='ltr'>p.</span> <span class='ocrx_word' id='word_1_273' title='bbox 166 3146 225 3208; x_wconf 78' lang='grc'>265,</span> <span class='ocrx_word' id='word_1_274' title='bbox 234 3149 269 3202; x_wconf 84' lang='grc'>29</span> <span class='ocrx_word' id='word_1_275' title='bbox 285 3164 440 3214; x_wconf 88' lang='lat' dir='ltr'>praenomen</span> <span class='ocrx_word' id='word_1_276' title='bbox 453 3153 479 3204; x_wconf 81' lang='lat' dir='ltr'>G.</span> <span class='ocrx_word' id='word_1_277' title='bbox 498 3155 524 3203; x_wconf 90' lang='lat' dir='ltr'>lu</span> <span class='ocrx_word' id='word_1_278' title='bbox 541 3152 656 3204; x_wconf 83' lang='lat' dir='ltr'>Gudieno</span> <span class='ocrx_word' id='word_1_279' title='bbox 672 3152 773 3217; x_wconf 86' lang='lat' dir='ltr'>quidem</span> <span class='ocrx_word' id='word_1_280' title='bbox 791 3152 874 3203; x_wconf 81' lang='lat' dir='ltr'>indice</span> <span class='ocrx_word' id='word_1_281' title='bbox 892 3158 1039 3218; x_wconf 80' lang='lat' dir='ltr'>corruptum</span> 
     </span>
     <span class='ocr_line' id='line_1_37' title="bbox 131 3226 245 3268; baseline 0.009 -3"><span class='ocrx_word' id='word_1_282' title='bbox 131 3230 182 3266; x_wconf 89' lang='lat' dir='ltr'>non</span> <span class='ocrx_word' id='word_1_283' title='bbox 198 3226 245 3268; x_wconf 89' lang='lat' dir='ltr'>est.</span> 
     </span>
    </p>
   </div>
   <div class='ocr_carea' id='block_1_6' title="bbox 130 3300 1039 3497">
    <p class='ocr_par' dir='ltr' id='par_1_9' title="bbox 130 3300 1039 3497">
     <span class='ocr_line' id='line_1_38' title="bbox 199 3300 1039 3373; baseline 0.001 -20"><span class='ocrx_word' id='word_1_284' title='bbox 199 3300 378 3367; x_wconf 59' lang='grc'>3111111111</span> <span class='ocrx_word' id='word_1_285' title='bbox 399 3306 510 3371; x_wconf 88' lang='lat' dir='ltr'>priorem</span> <span class='ocrx_word' id='word_1_286' title='bbox 529 3304 658 3370; x_wconf 85' lang='lat' dir='ltr'>Gudlauo,</span> <span class='ocrx_word' id='word_1_287' title='bbox 681 3308 847 3373; x_wconf 83' lang='lat' dir='ltr'>posteriorem</span> <span class='ocrx_word' id='word_1_288' title='bbox 866 3302 985 3356; x_wconf 87' lang='lat' dir='ltr'>Leidensi</span> <span class='ocrx_word' id='word_1_289' title='bbox 1003 3304 1039 3355; x_wconf 85' lang='lat' dir='ltr'>el·</span> 
     </span>
     <span class='ocr_line' id='line_1_39' title="bbox 131 3369 1037 3439; baseline 0.002 -19"><span class='ocrx_word' id='word_1_290' title='bbox 131 3369 255 3423; x_wconf 71' lang='lat' dir='ltr'>uiliorem</span> <span class='ocrx_word' id='word_1_291' title='bbox 272 3374 398 3439; x_wconf 83' lang='lat' dir='ltr'>suspicari</span> <span class='ocrx_word' id='word_1_292' title='bbox 413 3375 480 3436; x_wconf 85' lang='lat' dir='ltr'>lieet,</span> <span class='ocrx_word' id='word_1_293' title='bbox 499 3390 554 3424; x_wconf 88' lang='lat' dir='ltr'>oum</span> <span class='ocrx_word' id='word_1_294' title='bbox 570 3377 597 3426; x_wconf 88' lang='lat' dir='ltr'>in</span> <span class='ocrx_word' id='word_1_295' title='bbox 613 3375 697 3427; x_wconf 88' lang='lat' dir='ltr'>libello</span> <span class='ocrx_word' id='word_1_296' title='bbox 711 3376 743 3426; x_wconf 87' lang='lat' dir='ltr'>de</span> <span class='ocrx_word' id='word_1_297' title='bbox 759 3375 894 3427; x_wconf 84' lang='lat' dir='ltr'>Germania</span> <span class='ocrx_word' id='word_1_298' title='bbox 906 3373 1037 3426; x_wconf 68' lang='lat' dir='ltr'>Iteldensia</span> 
     </span>
     <span class='ocr_line' id='line_1_40' title="bbox 130 3441 745 3497; baseline 0.01 -7"><span class='ocrx_word' id='word_1_299' title='bbox 130 3446 156 3490; x_wconf 77' lang='lat' dir='ltr'>at</span> <span class='ocrx_word' id='word_1_300' title='bbox 176 3441 314 3493; x_wconf 75' lang='lat' dir='ltr'>Vaticanus</span> <span class='ocrx_word' id='word_1_301' title='bbox 331 3441 397 3495; x_wconf 86' lang='grc'>1862</span> <span class='ocrx_word' id='word_1_302' title='bbox 413 3444 547 3495; x_wconf 77' lang='lat' dir='ltr'>concinere</span> <span class='ocrx_word' id='word_1_303' title='bbox 562 3446 668 3497; x_wconf 87' lang='lat' dir='ltr'>soleant.</span> <span class='ocrx_word' id='word_1_304' title='bbox 742 3449 745 3455; x_wconf 83' lang='grc'><em>’</em></span> 
     </span>
    </p>
   </div>
   <div class='ocr_carea' id='block_1_7' title="bbox 0 0 1178 3870">
    <p class='ocr_par' dir='ltr' id='par_1_10' title="bbox 0 0 1178 3870">
     <span class='ocr_line' id='line_1_41' title="bbox 0 0 1178 3870; baseline 0 0"><span class='ocrx_word' id='word_1_305' title='bbox 0 0 1178 3870; x_wconf 95' lang='lat' dir='ltr'> </span> 
     </span>
    </p>
   </div>
  </div>
 </body>
</html>
