2334 3870
425 164 635 213 PRAEFATIO.
911 166 972 214 0111

75 330 180 400 quidem
196 326 335 383 saeculum
346 326 418 380 ullus
432 326 533 382 reterri
545 321 697 399 possit¹⁰¹).
720 325 816 397 ltaque
828 333 973 399 postquam

72 413 240 467 intellectum
256 410 408 465 estnullum
421 427 544 480 umquam
551 408 668 465 Plinium
683 412 973 466 cratcrernlleronen-

73 514 129 551 sem
145 497 243 563 fuisse,
261 494 338 549 atde
355 493 463 549 duobus
485 494 580 550 l’liniis
597 495 645 566 qui
656 511 725 551 vere
741 495 855 566 scriptis
872 495 973 551 nobili-

72 580 120 636 tati
136 585 199 634 sunt
214 584 339 633 neutrum
356 577 412 631 tale
429 579 590 648 opusculum
604 578 772 649 reliquisse,
789 579 861 635 alios
877 585 974 634 aucto-

70 679 116 718 res
133 680 202 734 quos
219 663 253 716 de
270 660 429 715 illustribus
444 661 512 714 viris
535 661 685 731 scripsisse
707 664 853 719 constabat
870 662 975 719 substi-

70 755 151 801 tuere
170 749 333 815 coeperunt,
349 743 460 814 virgula
477 745 556 813 quasi
572 744 666 799 divina
685 745 856 816 Suetonium,
872 746 974 801 deinde

72 827 380 898 (lorneliumNepotem⁷
396 827 516 897 denique
532 834 626 882 nostra
641 829 872 899 aetaleHyginum
885 829 974 900 sigui-

72 914 188 967 ficantcs
197 907 250 984 ¹⁰²).
276 909 476 966 EtSuetonium
489 911 599 981 quidem
614 926 714 965 recens
726 911 974 968 inventaVirorum

71 996 218 1050 illustrium
234 995 386 1066 particula,
409 1011 479 1064 quae
499 995 533 1049 de
551 992 743 1050 Grammaticis
768 1001 796 1049 et
816 996 974 1050 rhetoribus

70 1085 124 1148 est,
141 1079 211 1134 adeo
230 1080 421 1134 commendare
440 1078 597 1148 videbatur,
614 1084 645 1132 ut
660 1078 712 1133 iam
729 1097 752 1134 a.
763 1083 833 1137 1474
849 1078 975 1147 Angelus

70 1163 190 1218 Sabinus
206 1163 233 1216 in
251 1163 402 1233 paradoxis
419 1163 447 1216 in
462 1162 621 1218 Iuvenalem
636 1162 739 1217 Romae
755 1162 838 1218 editis
854 1162 975 1217 ‘Sueto-

70 1246 143 1301 nium
161 1246 196 1301 de
212 1246 279 1301 viris
299 1245 473 1301 illustribus'
491 1247 640 1317 aliquoties
661 1253 802 1302 auctorem
818 1246 975 1319 appellaret

69 1332 224 1399 eodemque
239 1330 533 1399 tempore‘Suetonius
542 1330 716 1400 Tranquillus
732 1332 766 1384 de
781 1331 910 1401 preclare
922 1347 973 1400 ge-

71 1414 123 1466 stis
135 1413 334 1466 Romanorum'
349 1411 500 1465 Mediolani
516 1413 654 1480 prodierit
671 1430 725 1466 non
739 1416 842 1481 semel⁷
858 1421 888 1466 ut
903 1414 972 1466 Hain

73 1496 158 1549 docet
172 1509 217 1547 no.
232 1498 300 1551 2132
316 1509 359 1562 sq·
378 1499 462 1550 15133
474 1508 516 1561 sq.
548 1493 710 1561 Insequenti
728 1510 839 1562 quoquc
860 1495 973 1547 saeculo

71 1594 125 1633 non
139 1593 226 1648 pauca
240 1576 299 1630 eius
308 1575 421 1644 generis
434 1575 560 1645 exempla
575 1574 709 1645 impressa
721 1582 793 1643 sunt,
806 1580 974 1645 postremum

73 1662 146 1731 quod
163 1660 253 1715 norim
268 1658 422 1714 cracoviae
434 1676 458 1713 a.
474 1664 551 1717 1524.
583 1659 624 1713 De
637 1657 772 1714 Suetonio
786 1659 913 1728 cogitare
926 1658 975 1711 de-

71 1746 188 1814 sierunt,
201 1750 346 1816 postquam
357 1742 527 1812 Hieronymo
539 1744 608 1797 duce
619 1741 818 1798 intellexerunt
830 1742 934 1795 nullum
946 1741 973 1796 in

71 1827 372 1883 eiuslllustribusviris
380 1827 495 1896 regibus
509 1832 536 1881 et
550 1826 764 1898 imperatoribus
778 1825 971 1880 locumiuisse.
991 1844 992 1847 ¹

133 1911 318 1980 Dialogum
342 1911 613 1966 decretoribus
631 1925 696 1966 esse
712 1909 758 1981 qui
776 1911 887 1964 mallent
903 1909 1089 1976 Sue-biuogqs
1108 1916 1135 1958 a·

71 1996 149 2050 tonio
168 2011 247 2064 qnam
268 1994 363 2048 Tacito
392 1994 516 2049 tribuere
537 1994 665 2050 Balunius
691 1993 719 2048 in
741 1992 928 2049 Miscellaneis
957 1999 974 2051 2
996 1969 1126 2009 mm*

73 2097 99 2150 p.
116 2085 163 2134 tel
185 2077 272 2129 Paris.
283 2081 351 2134 1678
366 2077 549 2146 significarim
566 2077 677 2147 quinam
690 2077 731 2132 illi
748 2085 842 2132 essent
859 2078 970 2149 quibus·

73 2177 126 2231 que
141 2158 310 2228 argumentis
323 2158 376 2228 usi,
394 2176 483 2230 neque
498 2162 569 2231 apud
582 2161 721 2216 Balunium
731 2176 821 2230 neque
834 2162 903 2216 alias
917 2150 974 2215 trb-

143 2321 205 2385 101)
223 2320 409 2403 Antiqpissimc
429 2323 479 2372 nisi
496 2322 571 2372 fallor
587 2323 666 2373 libelli
683 2324 803 2374 memoria
822 2323 890 2387 apud
905 2323 978 2371 loan-

73 2407 130 2441 ncnr
150 2391 348 2440 Mansionarium
364 2391 539 2442 veronensem
553 2391 689 2456 reperitur,
716 2394 801 2456 quiin
823 2398 978 2440 commenta·

71 2461 135 2510 riolo
153 2460 185 2509 de
203 2459 301 2509 duobus
316 2460 405 2510 Pliniis
425 2475 492 2511 enno
508 2461 605 2510 circiter
624 2458 690 2511 1313
709 2463 817 2525 scripto,
835 2459 881 2511 cfr.
900 2474 978 2524 supra

70 2529 157 2579 adnot.
180 2527 229 2586 84,
251 2528 350 2578 Plinius
366 2532 461 2592 iunior,
489 2529 585 2592 inquit,
607 2557 642 2570 ··-
662 2530 726 2594 fecit
746 2531 820 2579 etium
838 2557 872 2564 —
889 2529 979 2578 librum

76 2599 194 2648 Virorum
215 2597 346 2648 illustrium
364 2614 381 2647 a
401 2599 488 2648 Pboou
506 2615 567 2664 repe
584 2599 739 2650 Albanorum
755 2615 833 2663 usque
852 2599 888 2648 ad
905 2598 977 2649 Cleo-

69 2676 170 2730 potrcm
188 2668 214 2715 in
232 2665 358 2718 XCVIII
378 2670 495 2732 capitulis
519 2669 651 2720 secunduma
667 2671 776 2730 ipsorum
798 2669 905 2717 uirorum
932 2683 977 2716 ou·

71 2753 177 2791 merum,-
193 2738 219 2784 iu
237 2752 284 2800 quc
298 2739 364 2787 citas
381 2740 491 2800 ipsorum
505 2746 530 2787 et
544 2737 634 2789 meum
644 2739 753 2788 trairobitl
770 2746 794 2788 et
809 2744 900 2798 operta
920 2737 977 2786 bre·

71 2809 150 2856 vitate
177 2806 303 2858 describit.
348 2806 490 2856 Meminerit
520 2807 596 2858 lector
622 2807 690 2856 liunc
717 2809 836 2856 loannem
865 2806 977 2856 omnium

73 2876 182 2939 primurn
202 2874 311 2923 Plinium
330 2876 452 2925 maiorem
473 2875 706 2926 Novocomensibns
728 2876 839 2925 adimere
854 2882 879 2924 et
897 2875 976 2928 Vero-

73 2957 121 2991 nae
147 2956 208 2990 suae
228 2944 356 2993 vindicare
379 2944 516 2995 studuisse.
552 2944 608 2995 Non
632 2959 689 2993 raro
709 2945 858 2994 Franciscus
878 2958 976 3009 quoque

73 3009 206 3060 Petrarcha
231 3012 256 3059 in
277 3012 345 3063 Viris
371 3013 424 3063 suis
449 3013 587 3063 illustribus
614 3014 711 3063 circiter
734 3028 758 3062 a.
785 3012 852 3063 1348
876 3013 977 3078 scriptis

75 3079 149 3128 Plinii
175 3077 251 3128 liuius
270 3081 346 3130 verbe
371 3082 518 3132 nominatim
540 3083 627 3144 affert,
651 3098 674 3131 v.
695 3099 715 3131 c.
740 3097 854 3146 eaquae
875 3099 930 3147 cap.
952 3083 976 3138 5,

72 3150 98 3199 5.
119 3145 159 3208 10,
174 3148 198 3199 2.
217 3150 297 3209 42,1.
318 3148 358 3211 76,
370 3151 384 3200 1
396 3151 521 3216 leguntur.

144 3215 205 3278 102)
231 3217 267 3266 lle
284 3219 372 3283 primis
395 3219 503 3269 Cornelii
521 3218 625 3284 Nepotis
644 3221 772 3285 patronis,
797 3229 825 3270 ut
841 3221 976 3270 Hermolao

72 3286 183 3335 ltarbaro
200 3293 224 3334 ct
245 3288 304 3337 lano
326 3287 459 3338 Parrhasio
481 3289 606 3338 videndus
625 3296 662 3338 est
679 3289 848 3340 Mechcnaeus
870 3290 901 3342 nd
921 3288 975 3341 llr.

72 3355 108 3406 ill.
132 3370 186 3420 cap.
204 3355 247 3406 45.
283 3357 320 3407 De
338 3357 438 3424 Hygino
461 3359 606 3408 carissimus
625 3357 688 3409 mihi
704 3359 839 3410 Eduardus
860 3359 975 3409 Wotntiu

71 3424 194 3490 cogitavit
210 3425 234 3473 in
249 3427 404 3492 Ampelianis
423 3429 612 3492 quaestionibus
628 3442 654 3493 p.
667 3426 701 3479 38
714 3444 771 3494 sqq.
