2286 3862
448 243 551 294 nrvns
569 241 752 294 cosumus.
1037 235 1099 297 167

101 404 199 467 adulto
216 383 271 463 iam
294 402 353 463 lilio
376 401 539 481 priuignum
560 399 725 478 adoptaret,
748 399 903 460 identidem
930 399 1097 480 divulgavit,

103 488 247 550 nminem
265 502 410 566 nmquam
424 502 483 562 per
504 484 700 562 adoptionem
712 483 857 562 familiae
879 482 1031 546 Claudiae
1052 487 1097 546 in·

103 579 224 634 sertum.

163 656 313 715 Sermonis
341 669 413 712 vero
445 669 596 730 rerumque
625 661 729 714 tantam
762 670 852 732 saepe
884 651 1140 730 neglegentiam

75 739 240 814 sostendit,
255 746 285 796 ut
302 755 358 796 nec
377 738 440 815 quis
456 752 511 794 nec
526 737 600 795 inter
617 754 707 814 quos,
724 754 819 816 quove
834 745 969 816 tempore
981 753 1016 796 ac
1031 734 1098 796 loco

101 823 193 882 verba
218 822 346 898 iaceret,
375 821 452 881 scire
482 828 530 879 aut
555 821 686 896 cogitare
715 823 934 881 existimaretur.
969 819 1040 880 Cum
1063 819 1099 882 de

102 907 185 966 laniis
206 924 240 965 ac
256 907 371 965 uinariis
390 913 543 982 ageretur,
568 903 740 965 exclamavit
760 905 897 966 incuria:
927 905 1015 984 Repo
1029 921 1097 979 eos,

102 990 171 1069 quis
188 995 291 1067 potest
307 989 373 1049 sine
393 985 489 1068 offula
509 988 635 1048 cicere?
666 988 881 1067 descripsitque
902 987 1099 1048 abundantiam

101 1083 230 1132 veterum
248 1071 444 1148 tabernarum,
467 1071 541 1131 unde
558 1072 661 1131 solitus
679 1081 759 1132 esset
782 1074 876 1132 vinum
899 1072 966 1131 olim
987 1079 1016 1129 et
1037 1072 1100 1148 ipse

62 1174 90 1215 ro
101 1167 212 1237 petere.
234 1157 278 1216 De
295 1165 467 1235 quaesturae
483 1155 607 1233 quodam
624 1157 776 1217 candidato
790 1157 864 1215 inter
881 1173 984 1214 causas
999 1155 1099 1214 sufra-

100 1243 226 1318 gatiouis
245 1259 312 1300 suae
330 1241 443 1319 posuit,
471 1239 554 1318 qnod
566 1248 658 1318 pater
673 1242 740 1301 etus
752 1240 903 1320 [reptatam
921 1256 1017 1318 aspro
1039 1236 1101 1298 sibi

102 1325 277 1402 tempestive
299 1323 442 1383 dedisset.
479 1322 598 1384 Inducta
617 1334 693 1384 teste
714 1327 743 1383 in
763 1335 881 1400 senatu,
904 1321 992 1384 Haec
1010 1323 1100 1401 inquit

101 1409 211 1468 matris
235 1424 320 1467 mccc
345 1404 458 1466 liberta
483 1412 512 1464 et
532 1407 677 1466 ornatrix
694 1407 772 1485 fuit,
796 1407 852 1466 sed
868 1425 916 1466 me
934 1412 1101 1484 patronum

101 1509 222 1569 semper
237 1489 427 1551 existimavit
431 1513 446 1559 ,·
462 1488 520 1549 boc
532 1488 603 1550 ideo
622 1489 702 1565 attat,
720 1489 803 1568 qnod
818 1489 944 1568 quidem
958 1493 1031 1547 suot
1043 1485 1099 1546 od-

63 1592 90 1633 15
101 1577 160 1636 boc
173 1576 205 1636 tn
220 1574 310 1636 domo
330 1590 414 1648 mco,
439 1572 492 1651 qni
510 1591 558 1633 me
571 1579 740 1651 patresano
760 1591 822 1633 non
841 1578 960 1650 putent.
997 1569 1102 1630 Sedet

101 1678 155 1740 pro
173 1659 324 1737 tribunali,
350 1656 532 1719 Ostiensibus
555 1657 686 1736 quiddam
709 1656 825 1735 publice
849 1655 1013 1730 orantibus,
1038 1672 1100 1714 cum

101 1743 324 1822 excanduisset,
348 1741 425 1803 nibil
447 1739 563 1801 bebere
584 1760 618 1802 se
646 1742 823 1801 vociferatus
844 1748 904 1817 est,
926 1756 1025 1819 quare
1048 1755 1101 1799 eos

101 1829 317 1899 demerendum
331 1828 361 1887 si
375 1843 462 1906 qoem
478 1825 589 1903 olium,
613 1834 644 1886 et
656 1843 691 1885 sc
712 1824 841 1885 liberum
859 1842 935 1885 csse.
964 1822 1036 1883 Num
1052 1821 1100 1881 illa

101 1916 164 1972 eius
194 1911 337 1971 cotidiana
362 1920 392 1970 et
418 1910 504 1988 plane
532 1912 655 1971 omnium
679 1909 815 1970 horarum
842 1919 870 1969 et
893 1916 1101 1968 momentorum

63 2004 198 2055 socrant:
220 1992 316 2069 octa,
337 2012 392 2071 epo
409 1991 463 2054 tibi
489 1992 666 2073 Telepem'us
686 1993 819 2054 uideor?
846 2003 875 2053 et
896 1984 1017 2071 Adfer,
1045 1982 1101 2051 scal

102 2068 146 2158 μὴ
161 2076 322 2156 θίγγανε]
343 2076 486 2155 multaque
501 2078 569 2137 talia
585 2080 670 2137 etiem
681 2080 805 2156 privatis
823 2077 979 2155 deformia,
996 2075 1100 2136 nedum

103 2163 242 2241 principi,
264 2178 357 2239 neque
374 2160 527 2220 infacundo
544 2179 638 2240 neque
655 2162 788 2239 indocto,
812 2164 896 2221 immo
913 2163 997 2221 etiam
1012 2161 1099 2238 perti·

102 2247 213 2306 naciter
227 2244 398 2304 liberalibus
414 2243 514 2304 studiis
530 2244 638 2305 dedito.

161 2329 317 2390 Historiam
340 2331 368 2388 in
392 2328 605 2406 adulescentia,
632 2329 764 2390 hortante
787 2330 820 2389 Τ.
842 2329 941 2405 Liuio,
970 2325 1140 2405 Sulpiciodl

64 2437 91 2477 25
102 2432 174 2475 vero
190 2413 282 2474 Flavo
301 2415 385 2474 etiam
402 2412 568 2490 adiuvante,
588 2414 720 2473 scribere
735 2413 892 2491 adgressus
909 2421 963 2472 est.
982 2410 1020 2470 Et
1038 2427 1101 2469 cum

103 2500 223 2579 primum
249 2498 393 2576 frequenti
425 2496 565 2557 auditorio
599 2498 805 2573 commisisset,
844 2515 933 2574 aegre
964 2495 1099 2573 perlegit,

101 2582 293 2660 refrigeratus
309 2600 399 2662 saepe
414 2600 430 2642 a
446 2583 627 2661 semetipso.
651 2582 723 2642 Nam
736 2601 799 2642 cum
815 2583 895 2641 initio
910 2579 1100 2655 recitationis,

102 2667 240 2728 defractis
269 2666 465 2746 compluribus
492 2666 628 2727 subsellis
654 2667 797 2727 obesitate
831 2665 992 2741 cuiusdam,
1026 2665 1101 2722 risus

103 2760 222 2812 exortus
237 2760 332 2828 esset,
353 2770 390 2811 ne
411 2750 512 2811 sedato
537 2751 652 2830 quidem
671 2752 789 2811 tumultu
811 2761 976 2828 temperare
998 2749 1100 2826 potuit,

67 2835 172 2912 coquin
187 2852 224 2894 ex
238 2835 391 2895 interuallo
408 2835 528 2895 subinde
543 2835 612 2897 fecti
633 2837 867 2896 reminisceretur
887 2832 1102 2910 cachinnosque

104 2925 268 2977 revocaret.
307 2917 340 2977 ln
366 2919 528 2998 principatu
557 2937 673 2999 quoque
699 2929 728 2981 et
754 2918 873 2997 scripsit
900 2918 1050 2998 plurimum
1072 2921 1102 2974 et

104 3000 220 3063 assidue
229 3001 361 3060 recitavit
372 3019 426 3081 per
438 3003 589 3063 lectorem.
604 3003 715 3063 Initium
727 3012 821 3064 autem
832 3004 952 3082 sumpsit
964 2999 1102 3061 historiae

105 3095 171 3166 post
187 3084 305 3146 caedem
322 3083 457 3146 Caesaris
475 3085 637 3164 dictatoris,
663 3087 715 3147 sed
737 3097 766 3148 et
786 3088 898 3147 transiit
913 3084 948 3146 ad
962 3084 1101 3144 inferiora

104 3181 235 3250 tempora
252 3171 407 3248 coepitque
423 3188 440 3231 a
461 3187 536 3250 pace
552 3171 647 3248 civili,
670 3189 732 3231 cum
755 3172 875 3232 sentiret
897 3187 992 3248 neque
1008 3165 1100 3227 libere

68 3269 95 3310 su
106 3273 201 3334 neque
214 3271 285 3315 rere
300 3252 354 3313 sibi
370 3252 406 3315 de
420 3255 619 3332 superioribus
633 3255 760 3316 tradendi
774 3263 949 3334 potestatem
961 3252 1100 3329 relictam,

106 3347 258 3418 correptus
277 3355 368 3417 saepe
386 3346 415 3398 et
430 3357 446 3399 a
461 3347 552 3399 matre
568 3348 597 3399 et
614 3338 650 3400 ab
666 3341 739 3401 aria.
761 3339 870 3401 Prioris
888 3338 1025 3398 materiae
1044 3334 1099 3396 duo

105 3423 264 3500 volumina,
283 3424 455 3502 posterioris
475 3441 559 3483 unum
575 3432 605 3484 et
619 3423 806 3503 quadraginta
821 3423 947 3502 reliquit.
977 3419 1100 3499 Compo-

106 3507 162 3568 suit
183 3516 212 3567 et
228 3505 276 3568 De
288 3506 354 3568 cito
369 3524 430 3568 suo
449 3515 517 3567 octo
534 3508 695 3584 volumina,
716 3510 810 3584 magis
826 3508 925 3585 inepte
943 3523 1026 3585 quum
1043 3504 1103 3564 iue-
