2334 3870
486 183 592 233 nrvus
615 183 744 233 socrus.
1077 175 1117 235 27

118 347 179 420 tus,
199 339 360 420 supplicem
380 338 416 399 ad
436 357 469 398 se
488 341 611 421 recepit.
646 339 843 402 Alexandriae
865 343 943 403 circa
967 354 1159 422 oppugna-64

119 426 223 486 tionem
236 425 334 504 pontis
347 423 501 501 eruptione
512 423 636 485 hostium
651 424 746 485 subita
758 425 917 504 conpulsus
930 427 959 485 in
970 424 1117 504 scapham,

118 508 246 590 pluribus
274 507 379 568 eodem
404 507 674 588 praecipitantibus,
706 527 769 570 cnm
795 509 944 570 desilisset
971 510 1000 569 in
1027 527 1116 586 mare,

116 592 210 654 nando
226 610 281 672 per
297 592 440 651 ducentos
456 609 559 670 passus
572 595 664 654 erasit
678 593 714 654 ad
730 595 891 674 proximam
906 609 1024 671 narem,
1043 593 1118 654 elata

92 678 218 754 claena,
241 693 278 734 ne
304 673 398 734 libelli
426 691 500 754 qnos
527 676 645 737 tenebat
663 677 866 756 misissent,
888 676 1118 760 paludamentum

115 760 266 819 mordicus
280 757 413 835 trabens,
429 777 467 819 ne
483 759 581 840 spolio
596 769 747 839 poteretur
759 763 861 823 hostis.

178 842 300 902 blilitem
319 859 413 922 neque
433 861 450 904 a
470 843 601 904 moribus
624 861 719 922 neque
740 862 757 904 a
777 845 869 906 iorma
883 846 1044 925 probabat,
1066 842 1118 903 sed
1127 849 1160 903 65

118 934 225 986 tantum
238 925 389 1004 a-viribus,
407 927 607 1008 tractabatque
623 929 687 1008 pari
699 928 855 987 severitate
868 938 950 1008 atque
967 929 1118 1006 indulgen·

117 1012 165 1070 tia.
197 1009 264 1070 lion
280 1013 355 1070 eninr
370 1010 476 1091 ubique
492 1030 527 1074 ao
543 1030 675 1092 semper,
688 1011 741 1072 sed
758 1028 822 1071 cum
834 1010 926 1072 hostis
941 1014 970 1071 in
982 1014 1118 1092 proximo

80 1102 210 1172 coesset,
232 1094 402 1156 coercebat:
424 1105 482 1156 tum
499 1099 623 1158 maxime
642 1105 766 1157 exactor
783 1097 973 1174 gravissimus
991 1095 1119 1174 discipli·

113 1197 185 1256 nae,
202 1186 232 1239 ut
248 1196 342 1259 neque
357 1181 468 1241 itineris
482 1199 577 1261 neque
594 1181 702 1262 proelii
718 1191 833 1261 tempus
851 1180 1051 1258 denuntiaret,
1066 1177 1118 1238 sed

112 1272 243 1344 paratum
259 1271 287 1322 et
298 1266 435 1324 intentum
449 1268 601 1326 momentis
616 1267 746 1327 omnibus
762 1283 819 1346 quo
837 1266 930 1328 vellet
941 1265 1038 1326 subito
1050 1263 1116 1324 edu·

116 1355 208 1406 cenet.
239 1346 326 1419 Quod
340 1349 426 1406 etiam
439 1350 502 1406 sine
518 1367 604 1408 causa
615 1350 784 1428 plerumque
797 1351 940 1428 iaciebat,
957 1351 1116 1431 praecipue

117 1428 224 1507 pluuiis
241 1436 269 1486 et
284 1427 368 1486 iestis
384 1428 495 1486 diebus.
531 1430 577 1487 Ac
592 1430 728 1507 subinde,
745 1434 955 1493 obseruandum
971 1453 1003 1492 se
1020 1433 1116 1493 admo-

83 1532 109 1574 ro
119 1529 207 1589 nens,
229 1518 352 1589 repente
366 1509 489 1569 interdiu
509 1511 558 1570 vel
575 1519 663 1570 nocte
684 1530 717 1570 se
733 1512 919 1572 subtrahebat
935 1513 1117 1590 augebatque

117 1598 191 1672 iter,
214 1603 244 1654 ut
264 1595 358 1654 serius
381 1593 584 1674 subsequentis
610 1593 795 1671 defetigaret·
826 1595 914 1656 Fama
935 1611 1007 1654 vero
1029 1594 1160 1659 hosti-66

116 1679 184 1740 lium
203 1679 351 1759 copiarum
365 1681 540 1758 perterritos
555 1697 613 1740 non
627 1677 762 1758 negando
777 1678 989 1757 minuendove,
1011 1678 1063 1739 sed
1077 1681 1117 1738 in·

115 1780 205 1844 snper
221 1762 423 1844 amplificando
440 1763 681 1844 ementiendoque
700 1763 898 1824 confirmabat.
937 1761 1038 1844 ltaque
1056 1780 1118 1822 cum

116 1849 285 1927 expectatio
300 1848 440 1909 adventus
452 1848 540 1910 lubae
551 1850 690 1911 terribilis
702 1857 795 1927 esset,
812 1850 983 1910 convocatis
997 1848 1035 1909 ad
1050 1865 1117 1908 oon·

80 1934 224 1994 actionem
240 1932 376 1992 militibus
392 1932 526 2010 Scitote,
545 1935 652 2013 inquit,
667 1933 866 2011 paucissimis
880 1933 928 1993 bia
944 1931 1054 1994 dicbus
1067 1948 1116 1991 rc·

114 2033 182 2096 pem
203 2014 382 2094 adiuturum
404 2035 471 2077 eous
492 2017 596 2078 decem
615 2015 803 2097 tectonicas,
826 2018 957 2098 equitum
975 2016 1115 2098 triqs'oto,

116 2098 193 2160 tecte
206 2105 387 2160 armaturae
398 2107 513 2161 ceolum
523 2100 662 2178 milibus,
676 2101 846 2179 clephontis
859 2100 1011 2163 trecentis.
1039 2099 1115 2161 Pro·

114 2181 189 2245 iude
212 2183 355 2245 cimicum
374 2182 498 2263 qoidom
520 2201 671 2264 quaerere
690 2186 775 2246 ultro
796 2192 853 2246 ool
866 2184 1006 2262 opinari,
1028 2183 1115 2244 mdi-

114 2285 190 2348 quc,
206 2267 261 2349 qui
274 2272 460 2347 compertum
474 2266 591 2345 babeo,
605 2269 754 2340 credoot;
770 2276 826 2330 uui
839 2266 960 2348 quidem
975 2269 1115 2329 vetustte

78 2373 105 2416 as
116 2353 197 2414 abac
210 2369 291 2413 noce
304 2350 467 2431 impositos
481 2370 671 2433 quocumque
685 2359 773 2414 cento
787 2353 820 2415 io
835 2368 1043 2433 quoscumque
1057 2356 1116 2410 ter·

114 2453 174 2498 raa
189 2435 300 2498 iubebo
317 2435 416 2498 oceli.

179 2519 293 2582 Delicta
312 2539 407 2601 neque
429 2520 605 2583 observabat
629 2522 723 2584 omnia
742 2539 838 2601 neque
859 2538 914 2601 pro
929 2520 1017 2580 modo
1033 2524 1159 2580 ense-67

116 2604 271 2685 quebatur,
293 2605 346 2666 sed
368 2605 552 2667 desertorum
570 2624 605 2667 ao
629 2606 834 2667 seditiosorum
861 2614 890 2664 et
915 2606 1068 2684 inquisitor
1088 2611 1118 2663 et

116 2691 232 2770 punitor
255 2691 429 2770 acerrimus,
451 2690 607 2752 conivebat
626 2692 655 2751 in
679 2693 796 2752 ceteris.
840 2690 887 2750 Ac
907 2705 1117 2768 nonnumquam

79 2782 184 2854 acpost
203 2791 334 2854 magnam
354 2793 479 2856 pugnam
503 2785 588 2855 atque
609 2777 776 2853 victoriam,
801 2777 925 2835 remisso
953 2775 1117 2835 ciliciorum

115 2876 249 2937 munere,
278 2859 423 2921 licentiam
450 2877 563 2920 omnem
588 2861 696 2939 passim
721 2859 892 2921 lasciviendi
921 2856 1115 2939 permittebat,

115 2946 225 3005 iactare
250 2942 370 3021 solius,
395 2944 505 3006 milites
528 2962 603 3006 auos
628 2945 718 3006 etium
740 2949 944 3024 uoqacutotos
965 2942 1041 3005 benc
1057 2959 1114 3018 po·

113 3042 329 3108 prioreparte.
373 3026 437 3088 Nec
458 3028 564 3089 milites
581 3046 634 3089 ecs
648 3046 704 3107 pro
721 3030 876 3105 contione,
897 3028 949 3087 sed
964 3024 1115 3086 blandiore

114 3112 231 3173 nomine
250 3111 525 3172 commilitones
541 3111 723 3193 appellabat,
743 3111 925 3191 habebatque
947 3120 1003 3172 tarn
1022 3108 1115 3169 cultos

78 3205 147 3256 suut
159 3205 282 3273 argento
298 3203 328 3256 et
343 3212 413 3256 auro
429 3195 527 3276 politis
542 3197 628 3257 armis
643 3204 776 3274 ornaret,
791 3196 875 3256 simul
891 3205 919 3255 et
935 3195 970 3255 ad
987 3194 1116 3274 speciem

115 3288 147 3341 et
166 3297 224 3360 quo
244 3281 409 3341 tenaciores
430 3297 532 3341 eorum
549 3280 578 3341 in
592 3281 707 3360 proelio
723 3289 822 3341 essent
838 3289 916 3341 metu
931 3279 1033 3339 damni.
1068 3277 1115 3338 Di-

114 3363 228 3444 ligebat
244 3383 359 3445 quoqne
376 3366 567 3445 usqueadeo,
583 3373 614 3426 ut
629 3365 723 3427 audita
740 3365 823 3426 clude
837 3365 982 3426 Tituriana
999 3361 1117 3423 barbam

116 3448 311 3531 capillumque
324 3451 497 3512 summiserit
511 3469 566 3511 nec
581 3458 647 3512 unte
661 3449 820 3530 dempserit
834 3467 918 3530 quarn
931 3448 1106 3508 indicasset
