2286 3862
190 197 240 246 LII
527 191 739 241 PRAEFATIO.

189 356 257 414 llam
272 355 299 409 in
312 352 520 410 Polentooianis
539 353 665 424 scriptis,
680 368 797 422 quornm
814 353 904 423 gratia
920 352 1018 408 scelus
1034 351 1109 408 illud

191 438 364 498 commissum
382 453 445 492 esse
461 436 565 506 fertur,
582 437 672 491 nullas
689 435 819 491 Suetonii
835 436 951 492 lacinias
967 451 1002 490 ac
1017 434 1109 506 plane

190 525 265 581 nulla
286 528 410 578 veterum
440 521 606 592 scriptorum
630 518 752 589 vestigia
778 519 833 574 nisi
854 520 1035 589 vulgatorum
1055 535 1109 574 ex-

190 615 265 664 stare
282 603 483 662 demonstravit
498 604 602 659 llitschl
620 603 649 657 in
666 600 798 673 Parorgis
814 602 973 660 Plautinisl
991 618 1024 674 p.
1042 607 1107 662 632.

254 689 354 745 Omnes
377 689 464 758 igitur
489 688 535 758 qui
561 686 740 743 inveniuntur
758 686 872 742 codices
895 684 1003 742 novicii
1030 693 1108 756 sunt,

190 776 211 831 i.
232 792 257 829 e.
273 774 360 829 altera
375 777 454 845 parte
470 771 576 826 saecoli
591 769 642 826 XV
658 770 755 842 scripti
763 764 799 844 ²⁸)
815 776 844 825 ut
861 785 928 826 sane
945 769 1110 826 mirandum

191 860 228 915 sit
247 863 302 912 tam
318 856 397 913 brevi
421 861 546 927 tompore
567 860 671 910 tantam
693 853 845 909 lectionum
863 853 1062 910 diversitakm
1079 854 1109 909 iu

191 940 327 1013 exemplis
355 957 391 994 ex
416 953 469 994 ooo
497 937 663 1011 propagatis
691 938 822 994 subnasci
843 936 978 1010 potuisse.
1028 936 1110 992 llaec

192 1025 318 1097 exempla
335 1023 403 1078 nulli
425 1022 488 1077 usui
504 1022 607 1089 iorcut,
624 1021 678 1075 nisi
696 1021 770 1076 liber
789 1021 839 1077 ille
857 1022 891 1077 ab
906 1019 1045 1076 ilenocho
1062 1021 1110 1075 in-

192 1115 289 1166 ventus
305 1107 350 1163 vel
371 1105 494 1178 perisset
509 1106 554 1159 vel
569 1104 668 1174 ignoto
684 1105 749 1159 loco
766 1104 876 1160 lateret
919 1103 998 1157 Nunc
1011 1107 1044 1157 ut
1058 1120 1109 1160 res

192 1210 223 1248 se
237 1193 338 1258 habet,
357 1189 424 1243 boni
443 1187 508 1242 libri
530 1205 544 1243 a
560 1186 701 1258 corruptis
720 1186 910 1258 distinguendi
926 1191 1035 1242 suntet
1049 1188 1108 1242 ori·

190 1275 248 1330 tico
265 1273 416 1342 diligenter
431 1271 575 1342 sequendi.

116 1407 121 1418 ,
164 1356 182 1384 ’·
254 1356 353 1413 Libelli
375 1356 410 1411 de
423 1354 613 1411 Grammaticis
636 1360 664 1409 et
679 1354 841 1410 rhetoribus
858 1354 971 1410 codices
989 1354 1110 1427 scripti,

124 1433 131 1447 ’
193 1447 321 1514 quantum
335 1456 390 1511 ego
399 1439 533 1511 comperi,
549 1438 674 1494 universi
687 1437 865 1510 reperiuntur
873 1453 988 1493 numero
996 1434 1109 1514 ΧΨ).

191 1527 234 1582 bx
254 1525 290 1580 iis
307 1523 448 1595 aequabili
464 1522 611 1592 diligentia
630 1523 665 1579 ad
684 1521 904 1577 emendationem
925 1521 1025 1578 collati
1042 1530 1113 1579 sunt

192 1610 329 1682 quinquo:
350 1607 510 1675 Leidensis,
534 1622 614 1676 quem
629 1605 766 1674 singulari
784 1606 819 1660 de
840 1621 923 1661 causa
939 1604 1112 1663 Perizoniu-

191 1711 255 1749 nnm
272 1692 423 1764 appellant,
440 1689 590 1757 Gudianus,
608 1688 812 1758 Berolinonsis,
828 1689 1006 1762 harleianus,
1026 1690 1112 1748 Peri-

193 1777 281 1832 sinus.
325 1772 367 1827 lle
384 1772 420 1827 iis
435 1772 527 1826 statim
543 1770 657 1827 uberius
674 1771 793 1829 dicetur.
837 1773 961 1830 Nondum
976 1774 1112 1846 diligen-

193 1865 237 1914 ter
252 1855 401 1913 examinati
413 1855 458 1910 vel
473 1872 507 1909 ne
523 1855 643 1927 inspecti
658 1857 768 1926 quidem
784 1865 846 1913 sunt
861 1858 927 1913 libri
941 1858 1037 1915 Italici
1056 1875 1113 1916 no-

193 1957 272 2010 vem,
294 1954 410 2010 qnorum
432 1937 554 2009 quinque
575 1939 677 1994 Romae
701 1940 728 1994 in
751 1941 895 1997 Pontilloia
916 1940 1111 2014 bibliotheca,

194 2022 298 2095 singuli
312 2020 450 2090 venetiis,
466 2021 643 2091 Mediolanii,
660 2022 836 2094 Florentiae,
851 2023 968 2097 Neapoli
983 2041 1111 2083 servan·⁴

194 2114 254 2171 tur;
273 2123 354 2162 unum
367 2105 533 2161 hauniensis
549 2105 719 2162 bibliotheca
733 2108 861 2180 possidet
872 2108 899 2162 in
913 2102 1063 2183 bania⁸⁰).

192 2225 401 2238 n———t-

263 2301 311 2367 28)
329 2304 460 2354 Annorum
479 2312 552 2354 notas
570 2303 597 2353 hi
610 2303 774 2368 praeierunt:
792 2303 1015 2369 motismensis,
1035 2306 1111 2361 1462

195 2373 353 2430 Harleianus‚
374 2373 440 2424 1464
456 2373 577 2434 Venetus,
595 2374 662 2423 1477
676 2372 857 2423 Berolinensis.

263 2439 310 2503 29)
330 2443 391 2490 inde
408 2457 440 2490 ne
458 2442 543 2505 specie
558 2441 659 2504 quidem
677 2441 732 2490 veri
749 2440 833 2490 ornari
846 2440 929 2506 potuit
945 2441 1056 2494 verbum
1075 2445 1110 2496 ab

195 2509 297 2558 homine
319 2510 464 2558 doctissimo
493 2509 630 2572 eodemque
652 2508 842 2559 bibliothecario
864 2509 978 2560 Amedeo
1001 2509 1109 2577 Peyron

195 2577 321 2637 iactatum,
341 2578 384 2639 qui
399 2579 423 2626 in
438 2577 530 2626 Notitia
546 2577 667 2627 librorum
685 2577 840 2643 aValperga
858 2577 917 2628 bibl.
933 2577 1037 2631 Tauria.
1058 2581 1108 2633 do·

195 2651 310 2693 natorum
326 2644 394 2709 Lips.
414 2644 482 2695 1820
497 2661 523 2710 p.
541 2644 575 2695 85
592 2645 707 2707 Inclinat,
726 2645 819 2709 inquit,
835 2646 935 2696 animus
952 2653 980 2695 ut
999 2649 1108 2699 credam

195 2710 343 2762 Suetonium
363 2712 394 2761 de
414 2715 600 2778 grammaticis,
625 2717 695 2764 cuiue
717 2722 780 2764 teate
803 2714 951 2765 casaubono
972 2719 1107 2783 uestigium

195 2780 291 2844 quidem
305 2783 395 2830 nullum
413 2785 439 2832 in
456 2783 568 2833 litrartte
584 2786 624 2833 uel
640 2785 834 2846 locupletissime
855 2791 979 2846 apparet,
1004 2785 1035 2835 ab
1055 2787 1107 2836 im-

195 2849 339 2916 postoribus
357 2848 497 2916 philologis
517 2852 605 2901 ltaliae
626 2867 691 2902 saec.
707 2851 757 2901 XV
774 2866 830 2902 esse
845 2852 995 2919 proiectum.

265 2916 311 2982 30)
329 2918 500 2969 Romanorum
516 2920 581 2969 tituli
599 2919 626 2970 hi
648 2928 719 2970 sunt:
738 2921 855 2971 Vaticani
863 2928 915 2971 tres
926 2919 1001 2971 1518.
1022 2921 1104 2975 1862.

195 2984 283 3048 4498,
311 2986 492 3038 Ottobonianus
520 2989 604 3051 1455,
629 2989 737 3040 Urbinas
763 2989 837 3040 1194.
874 2991 967 3040 Eorum
987 2989 1105 3045 Achilles

200 3055 303 3117 Statius,
321 3071 378 3106 cnm
392 3057 459 3107 hunc
476 3057 589 3106 libellum
607 3072 630 3107 a.
651 3056 717 3107 1565
735 3058 830 3108 Romae
848 3058 942 3119 ederet,
959 3058 1033 3121 duos,
1050 3074 1105 3111 non

195 3132 261 3184 tres,
280 3126 406 3175 consuluit
421 3135 445 3176 et
462 3125 577 3190 quidem,
595 3133 622 3175 ut
641 3127 744 3191 opinor,
762 3128 843 3194 primo
857 3127 911 3177 loco
929 3135 1103 3179 enumeratos.

194 3220 230 3229 -
246 3193 358 3243 Venetus
377 3196 458 3245 codex
475 3196 502 3243 in
519 3195 646 3243 Marciana
663 3194 814 3247 bibliotheca
833 3195 913 3246 class.
929 3194 1000 3256 XIV,
1022 3195 1034 3245 l
1055 3210 1104 3247 no·

194 3270 275 3323 tatus,
294 3263 352 3312 olim
367 3263 464 3312 Patavii
482 3264 508 3311 in
524 3262 582 3311 bibl.
603 3261 628 3314 S.
649 3264 750 3314 loannis
768 3265 794 3314 in
812 3263 947 3314 Viridiario
964 3264 1104 3330 repositus,

195 3331 304 3395 scriptus
323 3339 362 3382 est
374 3332 504 3382 Bononiae
522 3331 640 3391 a.1464;
660 3328 707 3385 cir.
726 3333 871 3382 Massmann
890 3332 923 3382 ad
941 3333 1021 3382 Taciti
1038 3331 1104 3384 Ger·

194 3401 319 3460 maniam,
338 3399 448 3451 Thomas
465 3401 493 3448 in
510 3398 649 3450 Miinchner
666 3401 717 3465 gel.
737 3404 801 3450 Anu.
824 3399 890 3451 1853
910 3416 952 3452 no.
975 3401 999 3452 1.
1018 3403 1044 3452 2.
1067 3427 1103 3439 -

195 3466 340 3518 Mediolanii
368 3469 565 3519 Ambrosianum
596 3468 707 3518 codicem
734 3479 911 3519 commemorat
938 3469 1105 3522 llonttaucon
