2286 3862
102 199 164 260 250
186 209 217 258 c.
234 208 384 257 sacroru
401 207 529 268 anano.
547 208 594 254 ora
609 207 693 254 vrrs
709 206 895 257 caussam
908 210 986 260 rim.
1005 212 1085 264 vm.

103 366 249 448 propositi
263 366 384 442 gratiam
398 364 499 424 lacere
513 380 570 422 non
585 363 640 423 alia
656 363 750 440 magis
767 380 800 422 re
813 365 988 444 compulsus
1009 369 1110 432 creda·

102 461 158 527 tur,
176 467 259 529 quam
274 447 351 527 quod
370 450 463 528 sparsi
481 446 572 508 libelli
590 466 653 507 cum
670 447 716 508 his
733 446 869 508 versibus
888 458 989 511 erant:

134 527 275 631 Kdupe
296 523 405 613 φάγῃς
427 524 480 591 ἐπὶ
501 528 605 612 ῥίζαν,
629 520 715 610 ὅμως
738 529 787 592 ἔτι
807 527 1073 616 καρποφορήσω,

230 617 344 678 Οσσον
364 611 551 677 ἐπισπεῖσαι
571 614 636 693 σοί,
658 606 770 695 τράγε,
792 610 964 701 θυομένῳ.

101 702 211 765 Eadem
231 700 384 760 tormidine
405 698 531 759 oblatum
559 708 698 759 asenatu
722 716 828 760 norum
853 709 883 760 et
910 703 1119 781 excogitatione

101 787 260 862 honorem,
278 801 447 862 quamquam
466 784 589 844 omnium
603 783 701 844 talium
723 785 1001 865 appetentissimus,
1022 805 1097 847 recu·

102 873 187 947 savit,
204 887 261 948 quo
277 869 426 929 decretum
439 877 502 928 erat
512 877 550 945 ut,
568 870 700 947 quotiens
712 877 833 945 gereret
849 870 1048 949 consulatum,
1059 889 1104 951 eq.

99 955 136 1017 R.
156 954 259 1033 quibus
278 969 343 1012 sors
361 951 526 1030 obtigisset,
541 951 663 1013 trabeati
684 960 714 1011 et
737 970 801 1013 cum
821 951 914 1014 hastis
937 954 1107 1016 militaribus

101 1038 314 1118 praecederent
331 1056 394 1096 eum
408 1039 484 1096 inter
496 1036 617 1096 lictores
635 1037 887 1115 apparitoresque.

163 1122 308 1199 Tempore
339 1122 469 1198 suspecti
498 1120 621 1198 periculi
647 1123 916 1201 appropinquante,
950 1122 1134 1185 sobieiuors

100 1205 232 1282 indies,
256 1206 434 1283 porticuum,
458 1204 613 1283 inquibus
638 1206 757 1284 spatiari
781 1214 951 1284 consuerat,
981 1210 1106 1287 parietes

100 1290 239 1370 phengite
262 1287 359 1367 lapide
386 1289 529 1367 distinxit,
558 1308 574 1348 e
598 1290 677 1349 cuius
703 1288 860 1368 splendore
885 1307 941 1369 per
964 1292 1107 1372 imagines

101 1373 271 1455 quidquido
293 1382 378 1452 tergo
399 1375 483 1434 deret
502 1373 680 1453 provideret.
717 1372 781 1434 Nec
801 1374 856 1433 nisi
877 1382 1003 1436 secreto
1024 1386 1107 1457 atque

100 1460 181 1521 solus
197 1458 353 1538 plerasque
374 1459 537 1536 custodias,
558 1459 687 1538 receptis
707 1457 820 1537 quidem
841 1458 870 1517 in
890 1476 1012 1521 manum
1035 1472 1105 1523 cate

98 1546 155 1622 nis,
169 1542 313 1604 audiebat.
343 1544 440 1622 thue
463 1543 631 1604 domesticis
657 1542 862 1621 persuaderet,
886 1561 924 1602 ne
944 1543 1031 1605 bono
1049 1547 1130 1625 qui-u

100 1627 165 1688 dem
183 1627 319 1706 exemplo
337 1627 495 1688 audendam
517 1645 584 1687 esse
600 1628 715 1706 patroni
731 1645 849 1704 necem,
873 1625 1106 1707 Epaphroditum

100 1710 239 1774 abbellis
261 1711 377 1790 capitali
401 1730 497 1791 poena
521 1710 737 1790 condemnarit,
760 1710 838 1790 quod
860 1720 929 1790 post
943 1711 1104 1777 destitutio-

98 1815 164 1856 nem
179 1795 258 1857 Nero
277 1797 306 1855 in
323 1795 510 1876 adipiscenda
524 1805 616 1855 morte
636 1813 720 1855 manu
741 1797 803 1855 eius
824 1794 937 1857 adiutus
960 1800 1105 1860 existima·

58 1892 91 1946 15
101 1881 194 1942 batur.
226 1879 359 1959 Denique
381 1879 510 1940 Flavium
532 1877 710 1940 Clementem
731 1879 891 1959 patruelem
915 1899 1018 1962 suurn,
1039 1901 1104 1945 con-

99 1967 307 2042 temptissimae
323 1965 459 2040 inertiae,
486 1965 574 2023 cuius·
589 1964 666 2024 lilios
690 1964 775 2024 etiam
795 1972 854 2024 tum
880 1964 1027 2043 parvulos
1043 1986 1132 2031 suc-tt

100 2065 237 2109 cessores
253 2049 349 2128 palam
365 2049 560 2108 destinaverat
575 2057 620 2126 et,
635 2047 744 2110 abolito
760 2049 860 2126 priore
876 2051 1014 2130 nomine,
1037 2053 1105 2114 alte·

98 2151 160 2193 rum
181 2134 392 2212 Vespasianum
413 2132 555 2212 appellari
579 2134 720 2209 iusserat,
746 2132 869 2193 alterum
897 2132 1105 2212 Domitianum,

97 2226 221 2297 repente
245 2236 282 2277 ex
308 2218 474 2278 tenuissima
505 2217 665 2295 suspitione
690 2225 797 2278 tantum
823 2233 881 2276 non
902 2219 1021 2298 inipso
1045 2221 1106 2281 eius

100 2302 250 2363 consulatu
262 2303 413 2363 interemit.
440 2301 505 2375 Quo
517 2302 640 2362 maxime
651 2301 730 2361 laeto
741 2302 893 2362 maturavit
905 2301 962 2362 sibi
975 2306 1104 2365 exibam.

162 2386 311 2447 Continuis
337 2395 405 2446 octo
431 2384 578 2445 mensibus
606 2395 650 2445 tot
673 2385 788 2462 fulgura
811 2385 891 2446 lacta
915 2390 1105 2468 nuntiataque
1114 2406 1135 2447 a

98 2480 172 2548 sunt,
188 2479 218 2529 ut
234 2470 457 2530 exclamaverit:
480 2468 590 2530 Feriat
602 2469 676 2546 iam,
692 2487 780 2549 quem
794 2468 894 2530 colet!
929 2470 1054 2533 'lactum
1070 2471 1105 2532 de

98 2555 182 2615 caelo
207 2553 380 2633 Capitolium
400 2553 595 2632 templumque
622 2553 740 2614 Flaviae
766 2554 879 2631 gentis,
904 2555 975 2615 item
1002 2555 1106 2617 domus

96 2637 225 2698 Palatina
242 2647 270 2698 et
285 2638 447 2698 cubiculum
468 2638 570 2717 ipsius,
589 2647 676 2717 atque
695 2639 780 2700 etiam
796 2655 812 2697 e
830 2636 893 2697 basi
917 2646 1033 2701 statuae
1056 2642 1105 2701 tri·

96 2721 240 2801 umphalis
262 2721 360 2782 titulus
374 2740 515 2782 excussus
536 2723 564 2781 vi
586 2722 739 2799 procellae
760 2722 790 2780 in
808 2721 1017 2799 monimentum
1034 2742 1105 2803 pro·

96 2823 211 2866 numum
239 2804 353 2866 decidit.
396 2805 510 2882 Arbor,
541 2823 615 2884 quae
643 2807 758 2886 privato
790 2804 883 2866 adbuc
914 2808 1134 2887 Vespasianoat

6 2888 10 2892 ’
97 2908 201 2950 eversa
219 2899 399 2968 surrexerat,
417 2900 485 2950 tunc
499 2908 599 2950 rursus
616 2899 738 2970 repente
757 2891 875 2951 corruit.
910 2889 1104 2954 Praenestina

95 2974 240 3050 Fortuna,
259 2982 321 3034 toto
335 2976 448 3055 imperii
463 2977 558 3054 spatio
579 2992 680 3035 annum
698 2991 804 3034 novum
818 2974 1032 3036 commendanti
1044 2976 1105 3038 lae·

95 3068 152 3119 tam
171 3056 350 3135 eandemque
369 3077 486 3138 semper
501 3068 611 3120 sortem
624 3059 693 3120 dare
709 3067 836 3137 assueta,
849 3067 983 3120 extremo
996 3061 1104 3122 tristis·

95 3146 194 3204 simam
212 3141 345 3220 reddidit,
362 3162 417 3204 nec
438 3146 500 3203 sine
516 3144 663 3220 sanguinis
677 3143 832 3204 mentione.

157 3227 330 3305 hlinervam,
349 3245 432 3306 quarn
449 3228 651 3307 superstitiose
675 3225 808 3304 colebat,
835 3228 989 3288 somniavit
1013 3240 1135 3290 exce-³⁵

95 3309 166 3372 dere
184 3313 313 3372 sacrario
332 3310 577 3390 *negantemque
592 3312 666 3373 ultra
685 3329 717 3371 se
732 3313 806 3371 tueri
819 3330 883 3372 eum
902 3328 1007 3391 posse,
1025 3312 1107 3392 quod

95 3406 241 3458 exarmata
264 3404 374 3457 esseta
394 3394 475 3455 Iove.
512 3394 599 3456 Nulla
622 3406 717 3456 tamen
738 3414 772 3455 re
793 3395 913 3475 perinde
938 3406 1106 3458 commotus

93 3487 148 3559 est,
163 3500 246 3563 quam
262 3498 407 3559 responso
420 3495 546 3556 casuque
558 3478 771 3541 Ascletarionis
782 3478 986 3540 mathematici.
1018 3479 1107 3543 Hunc
