2334 3870
483 199 720 251 c.on1.1ounn.
1043 194 1102 258 tat
1156 232 1159 236 -

102 372 174 432 nae,
205 354 324 416 alterum
346 365 376 416 ut
397 354 733 420 verbosantuhistoria
748 359 1012 438 neglegentemque
1040 376 1101 424 car·

103 439 201 518 pebat.
242 439 286 500 De
306 440 378 500 iuris
402 458 517 520 quoque
540 441 694 519 consultis,
728 445 809 522 quasi
834 443 979 505 scientiae
1002 461 1103 507 eorum

105 540 215 584 omnem
232 542 314 584 usam
335 525 511 601 aboliturus,
542 542 632 604 saepe
651 527 784 606 iactavit,
816 545 852 588 se
866 527 1037 591 mehercule
1056 528 1101 610 ef·

98 606 251 684 sectarum
271 627 310 670 mc
327 607 401 689 quid
419 609 607 688 respondere
623 610 747 688 possint
770 617 900 691 praeter
922 630 999 673 eum.
1042 616 1143 682 lle-36

77 700 162 752 atera
191 693 361 753 familiarum
388 693 513 769 insignia
542 692 719 754 nobilissimo
747 697 850 775 cuique
878 697 998 773 ademit,
1031 697 1101 759 'Por-

101 784 189 853 quato
223 784 370 855 torquem,
404 773 573 837 Cincinnato
603 777 724 855 crinem,
761 778 820 840 GN.
842 781 982 860 Pompeio
1003 780 1104 860 stirpis

102 860 237 936 antiquae
250 859 348 937 blagni
369 877 541 940 cognomen.
585 859 795 940 Ptolemaeum,
820 863 855 924 de
873 883 929 944 quo
945 865 1048 942 retuli,
1073 871 1103 924 et

102 943 270 1002 arcessitum
297 962 313 1003 e
341 963 435 1022 regno
462 954 491 1006 et
516 954 670 1024 exceptam
693 945 869 1025 honorilice,
901 966 959 1008 non
985 949 1039 1009 alia
1065 947 1102 1008 de

100 1043 187 1085 causa
204 1036 326 1106 repente
341 1030 501 1108 percussit,
532 1030 726 1110 quamquod,
759 1029 864 1092 edente
880 1050 913 1092 se
928 1048 1039 1108 munus,
1059 1033 1105 1097 in«.

64 1123 229 1186 rognessum
245 1113 414 1191 spectacula
427 1115 610 1175 convestisse
624 1113 770 1175 hominum
786 1117 889 1176 oculos
904 1115 1022 1192 fulgore
1035 1132 1110 1193 pure.

97 1211 204 1271 pureae
221 1195 336 1257 abollae
355 1198 563 1260 animadvertit.
594 1197 735 1261 Pulchros
750 1207 781 1260 et
795 1209 941 1276 comatos,
967 1199 1102 1278 quotiens

97 1278 152 1337 sibi
182 1289 385 1357 occurrerent,
417 1285 554 1361 occipitio
582 1300 649 1343 raso
681 1285 861 1363 deturpabat.
911 1284 984 1345 Erat
1012 1282 1100 1345 Esius

96 1362 237 1421 Proculus
256 1372 340 1439 patre
360 1364 543 1440 primipilari,
573 1365 611 1423 ob
634 1370 783 1442 egregiam
805 1369 940 1448 corporis
968 1368 1098 1446 amplitu-

98 1445 194 1503 dinem
216 1453 245 1503 et
267 1446 397 1521 speciem
420 1444 597 1506 Colosseros
617 1446 723 1514 dictus;
753 1449 829 1509 huno
851 1451 1028 1528 spectaculis
1050 1450 1099 1507 de·

63 1536 222 1587 retractum
250 1535 374 1605 repente
407 1536 437 1587 et
464 1528 493 1587 in
517 1529 653 1589 harenam
678 1527 829 1610 deductum
851 1531 957 1591 Threci
979 1540 1008 1588 et
1033 1544 1102 1588 mox

97 1610 294 1689 hoplomacho
326 1614 517 1691 comparavit,
547 1611 651 1692 bisque
678 1613 819 1673 victorem
849 1613 1013 1689 constringi,
1038 1613 1100 1672 sine

95 1712 178 1756 mora
193 1697 275 1755 iussit
291 1704 320 1756 et
339 1698 441 1774 pannis
458 1696 581 1757 obsitum
601 1698 716 1758 uicatim
734 1696 907 1757 circumduci
924 1715 957 1756 ac
976 1695 1099 1755 mulieri·

95 1779 150 1839 bas
170 1779 300 1857 ostendi,
324 1779 427 1841 deinde
447 1781 580 1859 iugulari.
625 1780 728 1842 Nullus
750 1782 875 1861 denique
892 1789 948 1841 tam
967 1777 1099 1840 abiectae

96 1863 274 1924 condicionis
290 1873 404 1944 tamque
424 1875 572 1928 extremae
593 1866 680 1927 sortis
702 1867 771 1942 fuit,
803 1868 883 1926 cuins
903 1883 961 1925 non
975 1879 1099 1925 commo·

59 1961 85 2001 ao
95 1945 139 2007 dis
158 1946 345 2008 obtrectaret.
388 1948 565 2011 Nemorensi·
587 1953 669 2028 regi,
696 1951 772 2030 quod
796 1950 900 2010 multos
928 1951 983 2010 ianr
1009 1963 1100 2009 annos

95 2040 248 2111 poteretur
277 2031 459 2110 sacerdotio,
496 2035 666 2095 validiorem
695 2034 890 2096 adversarium
920 2032 1097 2095 subornavit.

95 2114 166 2176 Cum
192 2114 316 2193 quodam
343 2115 389 2176 die
414 2119 540 2178 muneris
567 2118 714 2178 essedario
734 2116 839 2194 Porio,
869 2117 906 2179 ob
926 2132 1097 2196 prosperam

95 2217 221 2278 pugnam
243 2217 359 2260 servum
380 2218 461 2261 suum
480 2204 704 2279 manumittenti,
730 2202 885 2262 studiosius
906 2202 1037 2281 plausum
1053 2218 1097 2260 es-

95 2293 155 2360 set,
184 2286 223 2344 ita
245 2285 388 2363 proripuit
411 2304 444 2345 se
464 2286 661 2364 spectaculis,
693 2295 723 2345 ut
744 2284 856 2348 calcata
879 2285 983 2346 lacinia
1010 2291 1098 2358 togae

57 2388 84 2428 as
94 2386 240 2448 praeceps
257 2387 312 2448 per
326 2369 434 2447 gradm
449 2370 519 2446 iret,
543 2368 771 2448 indignabundus
784 2379 816 2430 et
834 2369 982 2430 clamitans
1003 2364 1097 2426 domi·

93 2470 165 2513 uum
184 2455 318 2532 pestium
336 2453 487 2533 populum
510 2471 550 2514 em
567 2472 604 2516 re
622 2452 779 2515 leuissima
791 2454 865 2533 ptos
884 2449 1013 2514 honoris
1029 2447 1097 2529 pto-

94 2536 211 2597 diotort‘
244 2536 424 2599 tribuentem
459 2554 552 2619 quam
586 2537 777 2604 consecratis
810 2534 1008 2616 principibus
1046 2537 1101 2593 cul

89 2622 252 2700 praesenti
266 2621 336 2682 stet.

161 2704 318 2766 Pudicitiae
341 2724 437 2786 neque
452 2724 523 2768 suae
538 2724 633 2786 neque
648 2707 760 2769 alienae
781 2705 925 2786 pepercit.
960 2702 998 2764 bl.
1012 2701 1140 2782 hepi-eo

56 2788 174 2868 aodum,
207 2789 383 2851 blnesterem
404 2791 620 2870 pantomimum,
652 2790 790 2871 quosdam
818 2787 936 2849 obsides
960 2785 1098 2846 dilexisse

92 2874 184 2933 fertur
205 2875 380 2935 commercio
403 2876 491 2935 mutui
517 2876 619 2954 stupri.
662 2873 798 2936 Valerius
821 2870 967 2946 Catullus,
995 2887 1097 2930 consu·

91 2957 146 3017 lari
166 2957 272 3019 familia
286 2959 414 3035 iuvenis,
445 2967 603 3038 stupratum
620 2979 636 3020 a
652 2978 685 3020 se
704 2977 738 3019 ae
755 2958 848 3019 latera
869 2955 923 3016 sibi
945 2951 1098 3014 coutuber-

91 3042 140 3101 nio
159 3043 221 3102 eius
241 3041 358 3102 defessa
382 3043 467 3104 etiam
489 3044 667 3120 vociferatos
689 3052 744 3103 est.
788 3043 883 3121 Super
903 3054 1035 3101 sororum
1056 3036 1100 3094 in-

92 3134 174 3187 cesta
202 3136 231 3187 et
258 3122 436 3187 notissimum
457 3129 628 3206 prostitutae
648 3126 801 3205 Pyrallidis
821 3142 948 3187 amorem
973 3138 1031 3183 non
1056 3126 1098 3179 te-

54 3228 173 3274 aemere
187 3210 245 3272 ulla
260 3209 427 3272 inlustriore
441 3211 547 3272 lemina
566 3211 715 3282 abstinuit;
746 3228 816 3291 qaas
842 3209 1012 3289 plerumque
1034 3212 1099 3264 cum

90 3295 200 3355 maritis
215 3294 251 3356 ad
267 3314 384 3356 caenam
401 3304 522 3357 vocatas
537 3305 713 3375 praeterque
728 3295 821 3375 pedes
839 3311 908 3354 suos
924 3288 1098 3352 transeuntis

91 3378 247 3456 diligenter
261 3397 297 3439 ac
318 3379 396 3441 lente
411 3380 597 3441 mercantiam
616 3398 697 3441 more
719 3376 932 3453 considerabat,
949 3376 1034 3435 etiarn
1055 3371 1096 3433 ia-

92 3463 167 3523 ciem
180 3481 263 3524 manu
282 3462 435 3527 adlevans.
467 3466 490 3500 ³²
506 3483 580 3525 uuae
596 3463 707 3520 nudare
728 3462 941 3528 ,nltimam-enm
963 3457 1096 3524 qaedam
