<?xml version="1.0" encoding="UTF-8"?>
<!DOCTYPE html PUBLIC "-//W3C//DTD XHTML 1.0 Transitional//EN"
    "http://www.w3.org/TR/xhtml1/DTD/xhtml1-transitional.dtd">
<html xmlns="http://www.w3.org/1999/xhtml" xml:lang="en" lang="en">
 <head>
  <title>
</title>
<meta http-equiv="Content-Type" content="text/html;charset=utf-8" />
  <meta name='ocr-system' content='tesseract 3.04.00' />
  <meta name='ocr-capabilities' content='ocr_page ocr_carea ocr_par ocr_line ocrx_word'/>
</head>
<body>
  <div class='ocr_page' id='page_1' title='image "./csuetonitranqui00trangoog_0108.png"; bbox 0 0 2334 3870; ppageno 0'>
   <div class='ocr_carea' id='block_1_1' title="bbox 413 240 956 290">
    <p class='ocr_par' dir='ltr' id='par_1_1' title="bbox 413 240 956 290">
     <span class='ocr_line' id='line_1_1' title="bbox 413 240 956 290; baseline 0.009 -5"><span class='ocrx_word' id='word_1_1' title='bbox 413 240 621 289; x_wconf 78' lang='lat' dir='ltr'>PRAEFATIO.</span> <span class='ocrx_word' id='word_1_2' title='bbox 923 241 956 290; x_wconf 79' lang='lat' dir='ltr'><strong>cl</strong></span> 
     </span>
    </p>
   </div>
   <div class='ocr_carea' id='block_1_2' title="bbox 56 398 1123 3118">
    <p class='ocr_par' dir='ltr' id='par_1_2' title="bbox 56 398 962 1552">
     <span class='ocr_line' id='line_1_2' title="bbox 120 398 956 472; baseline -0.005 -13"><span class='ocrx_word' id='word_1_3' title='bbox 120 401 255 459; x_wconf 82' lang='lat' dir='ltr'><strong>Flosenlis</strong></span> <span class='ocrx_word' id='word_1_4' title='bbox 277 407 360 470; x_wconf 88' lang='lat' dir='ltr'><strong>atque</strong></span> <span class='ocrx_word' id='word_1_5' title='bbox 381 398 475 454; x_wconf 79' lang='lat' dir='ltr'><strong>herbis</strong></span> <span class='ocrx_word' id='word_1_6' title='bbox 498 416 513 454; x_wconf 90' lang='lat' dir='ltr'><strong>e</strong></span> <span class='ocrx_word' id='word_1_7' title='bbox 536 400 616 455; x_wconf 87' lang='lat' dir='ltr'><strong>Prata</strong></span> <span class='ocrx_word' id='word_1_8' title='bbox 638 399 780 472; x_wconf 76' lang='lat' dir='ltr'><strong>decerptis</strong></span> <span class='ocrx_word' id='word_1_9' title='bbox 802 404 956 455; x_wconf 75' lang='lat' dir='ltr'><strong>aduenarum</strong></span> 
     </span>
     <span class='ocr_line' id='line_1_3' title="bbox 60 482 956 559; baseline -0.004 -17"><span class='ocrx_word' id='word_1_10' title='bbox 60 504 167 559; x_wconf 88' lang='lat' dir='ltr'><strong>qnoque</strong></span> <span class='ocrx_word' id='word_1_11' title='bbox 186 484 339 540; x_wconf 89' lang='lat' dir='ltr'><strong>indicarem</strong></span> <span class='ocrx_word' id='word_1_12' title='bbox 366 487 446 551; x_wconf 89' lang='lat' dir='ltr'><strong>capnt</strong></span> <span class='ocrx_word' id='word_1_13' title='bbox 471 482 510 536; x_wconf 94' lang='lat' dir='ltr'><strong>de</strong></span> <span class='ocrx_word' id='word_1_14' title='bbox 534 483 682 541; x_wconf 91' lang='lat' dir='ltr'><strong>vocibus</strong></span> <span class='ocrx_word' id='word_1_15' title='bbox 711 482 956 552; x_wconf 85' lang='lat' dir='ltr'><strong>animantium,</strong></span> 
     </span>
     <span class='ocr_line' id='line_1_4' title="bbox 59 564 957 635; baseline -0.006 -9"><span class='ocrx_word' id='word_1_16' title='bbox 59 574 82 626; x_wconf 90' lang='lat' dir='ltr'><strong>si</strong></span> <span class='ocrx_word' id='word_1_17' title='bbox 112 572 145 625; x_wconf 93' lang='lat' dir='ltr'><strong>de</strong></span> <span class='ocrx_word' id='word_1_18' title='bbox 170 567 335 624; x_wconf 88' lang='lat' dir='ltr'><strong>auctoritate</strong></span> <span class='ocrx_word' id='word_1_19' title='bbox 368 564 450 635; x_wconf 90' lang='lat' dir='ltr'><strong>paulo</strong></span> <span class='ocrx_word' id='word_1_20' title='bbox 481 567 607 621; x_wconf 81' lang='lat' dir='ltr'><strong>securior</strong></span> <span class='ocrx_word' id='word_1_21' title='bbox 634 584 731 622; x_wconf 90' lang='lat' dir='ltr'><strong>essem.</strong></span> <span class='ocrx_word' id='word_1_22' title='bbox 777 567 861 621; x_wconf 87' lang='lat' dir='ltr'><strong>Solus</strong></span> <span class='ocrx_word' id='word_1_23' title='bbox 886 567 957 621; x_wconf 86' lang='lat' dir='ltr'><strong>enirn</strong></span> 
     </span>
     <span class='ocr_line' id='line_1_5' title="bbox 58 646 957 719; baseline -0.006 -9"><span class='ocrx_word' id='word_1_24' title='bbox 58 651 233 710; x_wconf 76' lang='lat' dir='ltr'><strong>Borbornius</strong></span> <span class='ocrx_word' id='word_1_25' title='bbox 263 650 297 704; x_wconf 90' lang='lat' dir='ltr'><strong>ad</strong></span> <span class='ocrx_word' id='word_1_26' title='bbox 318 647 405 703; x_wconf 88' lang='lat' dir='ltr'><strong>Plauti</strong></span> <span class='ocrx_word' id='word_1_27' title='bbox 426 647 617 704; x_wconf 83' lang='lat' dir='ltr'><strong>Menaechmos</strong></span> <span class='ocrx_word' id='word_1_28' title='bbox 640 656 673 719; x_wconf 79' lang='lat'><strong>4,</strong></span> <span class='ocrx_word' id='word_1_29' title='bbox 704 657 735 718; x_wconf 80' lang='lat'><strong>2,</strong></span> <span class='ocrx_word' id='word_1_30' title='bbox 766 657 798 709; x_wconf 86' lang='lat'><strong>91</strong></span> <span class='ocrx_word' id='word_1_31' title='bbox 828 646 957 705; x_wconf 74' lang='lat' dir='ltr'><strong>‘Vetus</strong></span> 
     </span>
     <span class='ocr_line' id='line_1_6' title="bbox 58 731 958 807; baseline -0.003 -16"><span class='ocrx_word' id='word_1_32' title='bbox 58 733 311 807; x_wconf 84' lang='lat' dir='ltr'><strong>grammaticus</strong></span> <span class='ocrx_word' id='word_1_33' title='bbox 335 731 529 800; x_wconf 85' lang='lat' dir='ltr'><strong>Sidonius,</strong></span> <span class='ocrx_word' id='word_1_34' title='bbox 548 731 654 801; x_wconf 84' lang='lat' dir='ltr'><strong>inquit,</strong></span> <span class='ocrx_word' id='word_1_35' title='bbox 675 735 752 787; x_wconf 92' lang='lat' dir='ltr'><strong>cuius</strong></span> <span class='ocrx_word' id='word_1_36' title='bbox 775 735 958 804; x_wconf 81' lang='lat' dir='ltr'><strong>fragmentum</strong></span> 
     </span>
     <span class='ocr_line' id='line_1_7' title="bbox 59 813 957 884; baseline -0.004 -10"><span class='ocrx_word' id='word_1_37' title='bbox 59 822 95 874; x_wconf 90' lang='lat' dir='ltr'><strong>de</strong></span> <span class='ocrx_word' id='word_1_38' title='bbox 110 817 228 872; x_wconf 91' lang='lat' dir='ltr'><strong>vocibus</strong></span> <span class='ocrx_word' id='word_1_39' title='bbox 244 813 418 870; x_wconf 90' lang='lat' dir='ltr'><strong>animantium</strong></span> <span class='ocrx_word' id='word_1_40' title='bbox 439 813 467 868; x_wconf 89' lang='lat' dir='ltr'><strong>in</strong></span> <span class='ocrx_word' id='word_1_41' title='bbox 484 813 591 884; x_wconf 85' lang='lat' dir='ltr'><strong>aliquot</strong></span> <span class='ocrx_word' id='word_1_42' title='bbox 606 814 756 870; x_wconf 86' lang='lat' dir='ltr'><strong>Glossariis</strong></span> <span class='ocrx_word' id='word_1_43' title='bbox 773 817 876 872; x_wconf 91' lang='lat' dir='ltr'><strong>nostris</strong></span> <span class='ocrx_word' id='word_1_44' title='bbox 893 834 957 872; x_wconf 92' lang='lat' dir='ltr'><strong>mss.</strong></span> 
     </span>
     <span class='ocr_line' id='line_1_8' title="bbox 59 897 957 970; baseline -0.001 -15"><span class='ocrx_word' id='word_1_45' title='bbox 59 901 177 970; x_wconf 84' lang='lat' dir='ltr'><strong>legitur:</strong></span> <span class='ocrx_word' id='word_1_46' title='bbox 199 906 299 953; x_wconf 82' lang='lat' dir='ltr'><strong>noctua</strong></span> <span class='ocrx_word' id='word_1_47' title='bbox 319 897 461 952; x_wconf 85' lang='lat' dir='ltr'><strong>cucubct&#39;.</strong></span> <span class='ocrx_word' id='word_1_48' title='bbox 506 897 649 953; x_wconf 89' lang='lat' dir='ltr'><strong>Eiusmodi</strong></span> <span class='ocrx_word' id='word_1_49' title='bbox 671 898 811 967; x_wconf 84' lang='lat' dir='ltr'><strong>glossaria</strong></span> <span class='ocrx_word' id='word_1_50' title='bbox 829 900 863 953; x_wconf 87' lang='lat' dir='ltr'><strong>de</strong></span> <span class='ocrx_word' id='word_1_51' title='bbox 880 900 957 954; x_wconf 82' lang='lat' dir='ltr'><strong>sonis</strong></span> 
     </span>
     <span class='ocr_line' id='line_1_9' title="bbox 58 980 961 1051; baseline 0 -14"><span class='ocrx_word' id='word_1_52' title='bbox 58 982 215 1038; x_wconf 83' lang='lat' dir='ltr'><strong>enlmnlinm</strong></span> <span class='ocrx_word' id='word_1_53' title='bbox 230 983 284 1036; x_wconf 91' lang='lat' dir='ltr'><strong>duo</strong></span> <span class='ocrx_word' id='word_1_54' title='bbox 296 981 442 1036; x_wconf 88' lang='lat' dir='ltr'><strong>Leidensia</strong></span> <span class='ocrx_word' id='word_1_55' title='bbox 459 981 547 1036; x_wconf 88' lang='lat' dir='ltr'><strong>edidit</strong></span> <span class='ocrx_word' id='word_1_56' title='bbox 557 983 725 1036; x_wconf 84' lang='lat' dir='ltr'><strong>Burmannus</strong></span> <span class='ocrx_word' id='word_1_57' title='bbox 742 980 769 1035; x_wconf 93' lang='lat' dir='ltr'><strong>in</strong></span> <span class='ocrx_word' id='word_1_58' title='bbox 780 981 961 1051; x_wconf 83' lang='lat' dir='ltr'><strong>Anthologia,</strong></span> 
     </span>
     <span class='ocr_line' id='line_1_10' title="bbox 56 1065 962 1135; baseline -0.002 -15"><span class='ocrx_word' id='word_1_59' title='bbox 56 1065 272 1121; x_wconf 87' lang='lat' dir='ltr'><strong>vetustissimum</strong></span> <span class='ocrx_word' id='word_1_60' title='bbox 293 1065 447 1135; x_wconf 87' lang='lat' dir='ltr'><strong>exemplum</strong></span> <span class='ocrx_word' id='word_1_61' title='bbox 461 1065 641 1134; x_wconf 81' lang='lat' dir='ltr'><strong>Aldbelmus,</strong></span> <span class='ocrx_word' id='word_1_62' title='bbox 663 1065 709 1134; x_wconf 84' lang='lat' dir='ltr'><strong>qni</strong></span> <span class='ocrx_word' id='word_1_63' title='bbox 730 1082 754 1118; x_wconf 86' lang='lat' dir='ltr'><strong>a.</strong></span> <span class='ocrx_word' id='word_1_64' title='bbox 771 1069 823 1123; x_wconf 78' lang='lat'><strong>709</strong></span> <span class='ocrx_word' id='word_1_65' title='bbox 838 1070 962 1118; x_wconf 89' lang='lat' dir='ltr'><strong>mortuus</strong></span> 
     </span>
     <span class='ocr_line' id='line_1_11' title="bbox 57 1147 959 1220; baseline -0.004 -16"><span class='ocrx_word' id='word_1_66' title='bbox 57 1157 108 1214; x_wconf 80' lang='lat' dir='ltr'><strong>est,</strong></span> <span class='ocrx_word' id='word_1_67' title='bbox 128 1149 251 1204; x_wconf 88' lang='lat' dir='ltr'><strong>servavit</strong></span> <span class='ocrx_word' id='word_1_68' title='bbox 269 1149 342 1218; x_wconf 91' lang='lat' dir='ltr'><strong>apud</strong></span> <span class='ocrx_word' id='word_1_69' title='bbox 357 1148 391 1201; x_wconf 89' lang='grc' dir='ltr'><strong>Α.</strong></span> <span class='ocrx_word' id='word_1_70' title='bbox 405 1147 504 1202; x_wconf 82' lang='lat' dir='ltr'><strong>Maium</strong></span> <span class='ocrx_word' id='word_1_71' title='bbox 520 1148 548 1202; x_wconf 91' lang='lat' dir='ltr'><strong>in</strong></span> <span class='ocrx_word' id='word_1_72' title='bbox 566 1148 699 1203; x_wconf 78' lang='lat' dir='ltr'><strong>classicis</strong></span> <span class='ocrx_word' id='word_1_73' title='bbox 715 1157 731 1205; x_wconf 74' lang='grc' dir='ltr'>ὁ</span> <span class='ocrx_word' id='word_1_74' title='bbox 747 1165 775 1220; x_wconf 88' lang='lat' dir='ltr'><strong>p.</strong></span> <span class='ocrx_word' id='word_1_75' title='bbox 793 1148 839 1203; x_wconf 87' lang='lat' dir='ltr'><strong>LII</strong></span> <span class='ocrx_word' id='word_1_76' title='bbox 857 1154 885 1200; x_wconf 90' lang='lat' dir='ltr'><strong>et</strong></span> <span class='ocrx_word' id='word_1_77' title='bbox 900 1153 959 1206; x_wconf 86' lang='lat'><strong>569.</strong></span> 
     </span>
     <span class='ocr_line' id='line_1_12' title="bbox 58 1226 961 1303; baseline -0.002 -15"><span class='ocrx_word' id='word_1_78' title='bbox 58 1234 115 1288; x_wconf 87' lang='lat' dir='ltr'><strong>Sed</strong></span> <span class='ocrx_word' id='word_1_79' title='bbox 127 1232 269 1287; x_wconf 89' lang='lat' dir='ltr'><strong>Sidonium</strong></span> <span class='ocrx_word' id='word_1_80' title='bbox 279 1226 314 1303; x_wconf 82' lang='grc'><strong>98)</strong></span> <span class='ocrx_word' id='word_1_81' title='bbox 326 1231 532 1300; x_wconf 85' lang='lat' dir='ltr'><strong>grammaticum</strong></span> <span class='ocrx_word' id='word_1_82' title='bbox 550 1239 662 1303; x_wconf 90' lang='lat' dir='ltr'><strong>praeter</strong></span> <span class='ocrx_word' id='word_1_83' title='bbox 673 1233 873 1300; x_wconf 83' lang='lat' dir='ltr'><strong>Boxhorninm,</strong></span> <span class='ocrx_word' id='word_1_84' title='bbox 889 1231 961 1286; x_wconf 85' lang='lat' dir='ltr'><strong>levis</strong></span> 
     </span>
     <span class='ocr_line' id='line_1_13' title="bbox 58 1313 961 1386; baseline -0.001 -15"><span class='ocrx_word' id='word_1_85' title='bbox 58 1315 231 1371; x_wconf 85' lang='lat' dir='ltr'><strong>auctoritatis</strong></span> <span class='ocrx_word' id='word_1_86' title='bbox 249 1313 403 1380; x_wconf 85' lang='lat' dir='ltr'><strong>hominem,</strong></span> <span class='ocrx_word' id='word_1_87' title='bbox 424 1313 453 1366; x_wconf 93' lang='lat' dir='ltr'><strong>in</strong></span> <span class='ocrx_word' id='word_1_88' title='bbox 472 1315 525 1368; x_wconf 89' lang='lat' dir='ltr'><strong>hac</strong></span> <span class='ocrx_word' id='word_1_89' title='bbox 550 1331 581 1367; x_wconf 93' lang='lat' dir='ltr'><strong>re</strong></span> <span class='ocrx_word' id='word_1_90' title='bbox 602 1331 682 1369; x_wconf 90' lang='lat' dir='ltr'><strong>nemo</strong></span> <span class='ocrx_word' id='word_1_91' title='bbox 699 1316 867 1386; x_wconf 88' lang='lat' dir='ltr'><strong>appellavit;</strong></span> <span class='ocrx_word' id='word_1_92' title='bbox 890 1314 961 1370; x_wconf 90' lang='lat' dir='ltr'><strong>alio-</strong></span> 
     </span>
     <span class='ocr_line' id='line_1_14' title="bbox 60 1395 962 1466; baseline 0 -16"><span class='ocrx_word' id='word_1_93' title='bbox 60 1399 125 1466; x_wconf 89' lang='lat' dir='ltr'><strong>quin</strong></span> <span class='ocrx_word' id='word_1_94' title='bbox 140 1399 210 1451; x_wconf 89' lang='lat' dir='ltr'><strong>haec</strong></span> <span class='ocrx_word' id='word_1_95' title='bbox 226 1397 374 1450; x_wconf 89' lang='lat' dir='ltr'><strong>verborum</strong></span> <span class='ocrx_word' id='word_1_96' title='bbox 389 1395 423 1448; x_wconf 97' lang='lat' dir='ltr'><strong>de</strong></span> <span class='ocrx_word' id='word_1_97' title='bbox 447 1395 524 1448; x_wconf 89' lang='lat' dir='ltr'><strong>sonis</strong></span> <span class='ocrx_word' id='word_1_98' title='bbox 548 1397 705 1451; x_wconf 90' lang='lat' dir='ltr'><strong>animalium</strong></span> <span class='ocrx_word' id='word_1_99' title='bbox 720 1398 892 1451; x_wconf 83' lang='lat' dir='ltr'><strong>enumeratio</strong></span> <span class='ocrx_word' id='word_1_100' title='bbox 907 1413 962 1452; x_wconf 90' lang='lat' dir='ltr'><strong>non</strong></span> 
     </span>
     <span class='ocr_line' id='line_1_15' title="bbox 61 1474 898 1552; baseline -0.005 -19"><span class='ocrx_word' id='word_1_101' title='bbox 61 1479 237 1533; x_wconf 91' lang='lat' dir='ltr'><strong>iniucundum</strong></span> <span class='ocrx_word' id='word_1_102' title='bbox 251 1477 393 1530; x_wconf 89' lang='lat' dir='ltr'><strong>Pratorum</strong></span> <span class='ocrx_word' id='word_1_103' title='bbox 410 1481 492 1545; x_wconf 90' lang='lat' dir='ltr'><strong>caput</strong></span> <span class='ocrx_word' id='word_1_104' title='bbox 507 1474 598 1552; x_wconf 79' lang='lat' dir='ltr'><strong>videri</strong></span> <span class='ocrx_word' id='word_1_105' title='bbox 614 1484 711 1546; x_wconf 87' lang='lat' dir='ltr'><strong>posset</strong></span> <span class='ocrx_word' id='word_1_106' title='bbox 725 1478 898 1546; x_wconf 90' lang='lat' dir='ltr'><strong>implevisse.</strong></span> 
     </span>
    </p>

    <p class='ocr_par' dir='ltr' id='par_1_3' title="bbox 60 1557 1107 1716">
     <span class='ocr_line' id='line_1_16' title="bbox 124 1557 1107 1632; baseline -0.013 -17"><span class='ocrx_word' id='word_1_107' title='bbox 124 1562 248 1632; x_wconf 89' lang='lat' dir='ltr'><strong>Denique</strong></span> <span class='ocrx_word' id='word_1_108' title='bbox 262 1557 360 1631; x_wconf 88' lang='lat' dir='ltr'><strong>paucis</strong></span> <span class='ocrx_word' id='word_1_109' title='bbox 376 1557 523 1612; x_wconf 86' lang='lat' dir='ltr'><strong>dicendum</strong></span> <span class='ocrx_word' id='word_1_110' title='bbox 539 1563 583 1612; x_wconf 91' lang='lat' dir='ltr'><strong>est</strong></span> <span class='ocrx_word' id='word_1_111' title='bbox 602 1559 636 1613; x_wconf 91' lang='lat' dir='ltr'><strong>de</strong></span> <span class='ocrx_word' id='word_1_112' title='bbox 654 1557 689 1612; x_wconf 92' lang='lat' dir='ltr'><strong>iis</strong></span> <span class='ocrx_word' id='word_1_113' title='bbox 708 1559 805 1626; x_wconf 83' lang='lat' dir='ltr'><strong>libris,</strong></span> <span class='ocrx_word' id='word_1_114' title='bbox 829 1573 898 1629; x_wconf 89' lang='lat' dir='ltr'><strong>quos</strong></span> <span class='ocrx_word' id='word_1_115' title='bbox 920 1558 963 1609; x_wconf 82' lang='lat' dir='ltr'><strong>ln·</strong></span> <span class='ocrx_word' id='word_1_116' title='bbox 990 1563 1107 1615; x_wconf 73' lang='lat' dir='ltr'><strong>Pseudopr-</strong></span> 
     </span>
     <span class='ocr_line' id='line_1_17' title="bbox 60 1614 1094 1716; baseline -0.009 -14"><span class='ocrx_word' id='word_1_117' title='bbox 60 1647 131 1702; x_wconf 90' lang='lat' dir='ltr'><strong>inria</strong></span> <span class='ocrx_word' id='word_1_118' title='bbox 149 1646 257 1716; x_wconf 87' lang='lat' dir='ltr'><strong>quidam</strong></span> <span class='ocrx_word' id='word_1_119' title='bbox 272 1661 287 1698; x_wconf 91' lang='lat' dir='ltr'><strong>a</strong></span> <span class='ocrx_word' id='word_1_120' title='bbox 304 1641 440 1697; x_wconf 88' lang='lat' dir='ltr'><strong>Suetonio</strong></span> <span class='ocrx_word' id='word_1_121' title='bbox 453 1642 575 1712; x_wconf 91' lang='lat' dir='ltr'><strong>scriptos</strong></span> <span class='ocrx_word' id='word_1_122' title='bbox 592 1658 656 1696; x_wconf 89' lang='lat' dir='ltr'><strong>esse</strong></span> <span class='ocrx_word' id='word_1_123' title='bbox 673 1641 778 1712; x_wconf 90' lang='lat' dir='ltr'><strong>opinati</strong></span> <span class='ocrx_word' id='word_1_124' title='bbox 792 1647 863 1697; x_wconf 91' lang='lat' dir='ltr'><strong>sunt.</strong></span> <span class='ocrx_word' id='word_1_125' title='bbox 1006 1614 1094 1667; x_wconf 47' lang='lat'><strong>⁸³9¹*</strong></span> 
     </span>
    </p>

    <p class='ocr_par' dir='ltr' id='par_1_4' title="bbox 60 1721 1123 3118">
     <span class='ocr_line' id='line_1_18' title="bbox 122 1721 1123 1818; baseline -0.004 -35"><span class='ocrx_word' id='word_1_126' title='bbox 122 1730 165 1783; x_wconf 81' lang='lat' dir='ltr'><strong>Ac</strong></span> <span class='ocrx_word' id='word_1_127' title='bbox 189 1729 305 1801; x_wconf 91' lang='lat' dir='ltr'><strong>primum</strong></span> <span class='ocrx_word' id='word_1_128' title='bbox 331 1725 441 1795; x_wconf 85' lang='lat' dir='ltr'><strong>quidem</strong></span> <span class='ocrx_word' id='word_1_129' title='bbox 467 1725 720 1782; x_wconf 90' lang='lat' dir='ltr'><strong>commemorandus</strong></span> <span class='ocrx_word' id='word_1_130' title='bbox 741 1732 784 1780; x_wconf 89' lang='lat' dir='ltr'><strong>cst</strong></span> <span class='ocrx_word' id='word_1_131' title='bbox 810 1739 891 1779; x_wconf 87' lang='lat' dir='ltr'><strong>error</strong></span> <span class='ocrx_word' id='word_1_132' title='bbox 915 1721 1123 1818; x_wconf 55' lang='lat' dir='ltr'><strong>lecssffiffiss</strong></span> 
     </span>
     <span class='ocr_line' id='line_1_19' title="bbox 62 1801 1118 1880; baseline -0.008 -9"><span class='ocrx_word' id='word_1_133' title='bbox 62 1813 205 1871; x_wconf 70' lang='lat' dir='ltr'><strong>credibilis</strong></span> <span class='ocrx_word' id='word_1_134' title='bbox 222 1829 254 1868; x_wconf 88' lang='lat' dir='ltr'><strong>ac</strong></span> <span class='ocrx_word' id='word_1_135' title='bbox 272 1818 362 1865; x_wconf 87' lang='lat' dir='ltr'><strong>tamen</strong></span> <span class='ocrx_word' id='word_1_136' title='bbox 380 1811 465 1879; x_wconf 85' lang='lat' dir='ltr'><strong>longe</strong></span> <span class='ocrx_word' id='word_1_137' title='bbox 480 1809 582 1880; x_wconf 91' lang='lat' dir='ltr'><strong>diuque</strong></span> <span class='ocrx_word' id='word_1_138' title='bbox 600 1816 735 1879; x_wconf 80' lang='lat' dir='ltr'><strong>vagatus,</strong></span> <span class='ocrx_word' id='word_1_139' title='bbox 758 1824 812 1879; x_wconf 91' lang='lat' dir='ltr'><strong>qno</strong></span> <span class='ocrx_word' id='word_1_140' title='bbox 832 1807 961 1864; x_wconf 82' lang='lat' dir='ltr'><strong>Caesa·</strong></span> <span class='ocrx_word' id='word_1_141' title='bbox 1111 1801 1118 1815; x_wconf 67' lang='lat'>⁴</span> 
     </span>
     <span class='ocr_line' id='line_1_20' title="bbox 60 1892 963 1964; baseline -0.009 -9"><span class='ocrx_word' id='word_1_142' title='bbox 60 1897 162 1955; x_wconf 90' lang='lat' dir='ltr'><strong>riani</strong></span> <span class='ocrx_word' id='word_1_143' title='bbox 178 1895 273 1952; x_wconf 91' lang='lat' dir='ltr'><strong>belli</strong></span> <span class='ocrx_word' id='word_1_144' title='bbox 292 1892 425 1948; x_wconf 85' lang='lat' dir='ltr'><strong>Gallici</strong></span> <span class='ocrx_word' id='word_1_145' title='bbox 445 1900 657 1963; x_wconf 88' lang='lat' dir='ltr'><strong>ceterorumque</strong></span> <span class='ocrx_word' id='word_1_146' title='bbox 678 1894 738 1948; x_wconf 91' lang='lat' dir='ltr'><strong>eins</strong></span> <span class='ocrx_word' id='word_1_147' title='bbox 758 1892 886 1964; x_wconf 91' lang='lat' dir='ltr'><strong>corporis</strong></span> <span class='ocrx_word' id='word_1_148' title='bbox 901 1893 963 1947; x_wconf 87' lang='lat' dir='ltr'><strong>bel-</strong></span> 
     </span>
     <span class='ocr_line' id='line_1_21' title="bbox 61 1976 964 2048; baseline -0.006 -12"><span class='ocrx_word' id='word_1_149' title='bbox 61 1985 151 2037; x_wconf 90' lang='lat' dir='ltr'><strong>lorum</strong></span> <span class='ocrx_word' id='word_1_150' title='bbox 165 1979 287 2048; x_wconf 91' lang='lat' dir='ltr'><strong>scriptor</strong></span> <span class='ocrx_word' id='word_1_151' title='bbox 306 1976 456 2031; x_wconf 86' lang='lat' dir='ltr'><strong>Suetonius</strong></span> <span class='ocrx_word' id='word_1_152' title='bbox 473 1977 649 2045; x_wconf 90' lang='lat' dir='ltr'><strong>Tranquillus</strong></span> <span class='ocrx_word' id='word_1_153' title='bbox 670 1976 781 2032; x_wconf 89' lang='lat' dir='ltr'><strong>habitus</strong></span> <span class='ocrx_word' id='word_1_154' title='bbox 800 1983 852 2031; x_wconf 91' lang='lat' dir='ltr'><strong>est.</strong></span> <span class='ocrx_word' id='word_1_155' title='bbox 896 1976 964 2031; x_wconf 87' lang='lat' dir='ltr'><strong>Eum</strong></span> 
     </span>
     <span class='ocr_line' id='line_1_22' title="bbox 63 2059 965 2131; baseline -0.003 -13"><span class='ocrx_word' id='word_1_156' title='bbox 63 2078 188 2118; x_wconf 88' lang='lat' dir='ltr'><strong>errorem</strong></span> <span class='ocrx_word' id='word_1_157' title='bbox 209 2061 244 2115; x_wconf 89' lang='lat' dir='ltr'><strong>de</strong></span> <span class='ocrx_word' id='word_1_158' title='bbox 264 2059 439 2113; x_wconf 85' lang='lat' dir='ltr'><strong>Caesarianis</strong></span> <span class='ocrx_word' id='word_1_159' title='bbox 461 2059 622 2128; x_wconf 78' lang='lat' dir='ltr'><strong>codicibus,</strong></span> <span class='ocrx_word' id='word_1_160' title='bbox 645 2066 674 2114; x_wconf 90' lang='lat' dir='ltr'><strong>ut</strong></span> <span class='ocrx_word' id='word_1_161' title='bbox 697 2061 803 2131; x_wconf 87' lang='lat' dir='ltr'><strong>aliquot</strong></span> <span class='ocrx_word' id='word_1_162' title='bbox 828 2060 965 2131; x_wconf 85' lang='lat' dir='ltr'><strong>exemplis</strong></span> 
     </span>
     <span class='ocr_line' id='line_1_23' title="bbox 63 2141 965 2215; baseline 0 -14"><span class='ocrx_word' id='word_1_163' title='bbox 63 2153 135 2213; x_wconf 83' lang='lat' dir='ltr'><strong>utar,</strong></span> <span class='ocrx_word' id='word_1_164' title='bbox 151 2141 357 2212; x_wconf 85' lang='lat' dir='ltr'><strong>Bongarsianus</strong></span> <span class='ocrx_word' id='word_1_165' title='bbox 375 2141 580 2210; x_wconf 87' lang='lat' dir='ltr'><strong>antiquissimus</strong></span> <span class='ocrx_word' id='word_1_166' title='bbox 594 2149 622 2197; x_wconf 91' lang='lat' dir='ltr'><strong>et</strong></span> <span class='ocrx_word' id='word_1_167' title='bbox 634 2144 752 2215; x_wconf 92' lang='lat' dir='ltr'><strong>optimus</strong></span> <span class='ocrx_word' id='word_1_168' title='bbox 769 2143 860 2199; x_wconf 89' lang='lat' dir='ltr'><strong>statim</strong></span> <span class='ocrx_word' id='word_1_169' title='bbox 875 2144 965 2214; x_wconf 82' lang='lat' dir='ltr'><strong>primo</strong></span> 
     </span>
     <span class='ocr_line' id='line_1_24' title="bbox 62 2224 968 2297; baseline -0.007 -13"><span class='ocrx_word' id='word_1_170' title='bbox 62 2230 136 2284; x_wconf 91' lang='lat' dir='ltr'><strong>libro</strong></span> <span class='ocrx_word' id='word_1_171' title='bbox 151 2228 263 2283; x_wconf 89' lang='lat' dir='ltr'><strong>ineunte</strong></span> <span class='ocrx_word' id='word_1_172' title='bbox 281 2241 348 2297; x_wconf 90' lang='lat' dir='ltr'><strong>prae</strong></span> <span class='ocrx_word' id='word_1_173' title='bbox 363 2239 395 2278; x_wconf 89' lang='lat' dir='ltr'><strong>se</strong></span> <span class='ocrx_word' id='word_1_174' title='bbox 408 2224 470 2290; x_wconf 87' lang='lat' dir='ltr'><strong>fert,</strong></span> <span class='ocrx_word' id='word_1_175' title='bbox 485 2229 540 2277; x_wconf 91' lang='lat' dir='ltr'><strong>tum</strong></span> <span class='ocrx_word' id='word_1_176' title='bbox 551 2225 768 2296; x_wconf 80' lang='lat' dir='ltr'><strong>HamburgensIs</strong></span> <span class='ocrx_word' id='word_1_177' title='bbox 783 2227 857 2282; x_wconf 91' lang='lat' dir='ltr'><strong>libro</strong></span> <span class='ocrx_word' id='word_1_178' title='bbox 872 2227 923 2280; x_wconf 89' lang='lat' dir='ltr'><strong>VII</strong></span> <span class='ocrx_word' id='word_1_179' title='bbox 940 2231 968 2278; x_wconf 88' lang='lat' dir='ltr'><strong>et</strong></span> 
     </span>
     <span class='ocr_line' id='line_1_25' title="bbox 63 2306 968 2379; baseline -0.017 -13"><span class='ocrx_word' id='word_1_180' title='bbox 63 2313 126 2366; x_wconf 87' lang='lat' dir='ltr'><strong>Vlll</strong></span> <span class='ocrx_word' id='word_1_181' title='bbox 143 2317 284 2378; x_wconf 87' lang='lat' dir='ltr'><strong>extremo,</strong></span> <span class='ocrx_word' id='word_1_182' title='bbox 301 2306 480 2363; x_wconf 77' lang='lat' dir='ltr'><strong>colbertinus</strong></span> <span class='ocrx_word' id='word_1_183' title='bbox 496 2311 564 2368; x_wconf 80' lang='lat'><strong>2957</strong></span> <span class='ocrx_word' id='word_1_184' title='bbox 580 2310 653 2379; x_wconf 92' lang='lat' dir='ltr'><strong>apud</strong></span> <span class='ocrx_word' id='word_1_185' title='bbox 666 2311 860 2377; x_wconf 84' lang='lat' dir='ltr'><strong>blontlaucon‚</strong></span> <span class='ocrx_word' id='word_1_186' title='bbox 879 2307 968 2362; x_wconf 75' lang='lat' dir='ltr'><strong>Medi.</strong></span> 
     </span>
     <span class='ocr_line' id='line_1_26' title="bbox 63 2390 969 2464; baseline -0.008 -14"><span class='ocrx_word' id='word_1_187' title='bbox 63 2413 130 2450; x_wconf 90' lang='lat' dir='ltr'><strong>ceus</strong></span> <span class='ocrx_word' id='word_1_188' title='bbox 145 2394 270 2461; x_wconf 81' lang='lat' dir='ltr'>LXVIII,</span> <span class='ocrx_word' id='word_1_189' title='bbox 287 2397 303 2450; x_wconf 84' lang='lat'><strong>7</strong></span> <span class='ocrx_word' id='word_1_190' title='bbox 326 2393 360 2446; x_wconf 94' lang='lat' dir='ltr'><strong>de</strong></span> <span class='ocrx_word' id='word_1_191' title='bbox 376 2406 430 2462; x_wconf 92' lang='lat' dir='ltr'><strong>qno</strong></span> <span class='ocrx_word' id='word_1_192' title='bbox 446 2408 529 2463; x_wconf 91' lang='lat' dir='ltr'><strong>supra</strong></span> <span class='ocrx_word' id='word_1_193' title='bbox 550 2410 577 2464; x_wconf 94' lang='lat' dir='ltr'><strong>p.</strong></span> <span class='ocrx_word' id='word_1_194' title='bbox 594 2393 682 2448; x_wconf 89' lang='lat' dir='ltr'>XXIV</span> <span class='ocrx_word' id='word_1_195' title='bbox 696 2393 799 2449; x_wconf 91' lang='lat' dir='ltr'><strong>dictum</strong></span> <span class='ocrx_word' id='word_1_196' title='bbox 816 2398 868 2447; x_wconf 89' lang='lat' dir='ltr'><strong>est.</strong></span> <span class='ocrx_word' id='word_1_197' title='bbox 912 2390 969 2444; x_wconf 82' lang='lat' dir='ltr'><strong>Ac-</strong></span> 
     </span>
     <span class='ocr_line' id='line_1_27' title="bbox 64 2475 968 2545; baseline -0.007 -11"><span class='ocrx_word' id='word_1_198' title='bbox 64 2479 147 2534; x_wconf 89' lang='lat' dir='ltr'><strong>cedat</strong></span> <span class='ocrx_word' id='word_1_199' title='bbox 160 2475 387 2533; x_wconf 84' lang='lat' dir='ltr'><strong>vindobonensis</strong></span> <span class='ocrx_word' id='word_1_200' title='bbox 410 2475 501 2530; x_wconf 84' lang='lat' dir='ltr'><strong>codex</strong></span> <span class='ocrx_word' id='word_1_201' title='bbox 523 2481 572 2545; x_wconf 82' lang='lat'><strong>60,</strong></span> <span class='ocrx_word' id='word_1_202' title='bbox 600 2477 745 2533; x_wconf 88' lang='lat' dir='ltr'><strong>historiam</strong></span> <span class='ocrx_word' id='word_1_203' title='bbox 760 2476 968 2532; x_wconf 90' lang='lat' dir='ltr'><strong>miscellaneam</strong></span> 
     </span>
     <span class='ocr_line' id='line_1_28' title="bbox 64 2557 968 2631; baseline -0.007 -13"><span class='ocrx_word' id='word_1_204' title='bbox 64 2563 184 2618; x_wconf 91' lang='lat' dir='ltr'><strong>nondum</strong></span> <span class='ocrx_word' id='word_1_205' title='bbox 203 2559 298 2616; x_wconf 80' lang='lat' dir='ltr'><strong>formis</strong></span> <span class='ocrx_word' id='word_1_206' title='bbox 317 2559 478 2630; x_wconf 90' lang='lat' dir='ltr'><strong>impressam</strong></span> <span class='ocrx_word' id='word_1_207' title='bbox 499 2560 660 2630; x_wconf 91' lang='lat' dir='ltr'><strong>continens,</strong></span> <span class='ocrx_word' id='word_1_208' title='bbox 683 2562 781 2631; x_wconf 90' lang='lat' dir='ltr'><strong>inqua</strong></span> <span class='ocrx_word' id='word_1_209' title='bbox 799 2557 968 2616; x_wconf 90' lang='lat' dir='ltr'><strong>belladein-</strong></span> 
     </span>
     <span class='ocr_line' id='line_1_29' title="bbox 64 2641 969 2719; baseline -0.007 -17"><span class='ocrx_word' id='word_1_210' title='bbox 64 2664 131 2719; x_wconf 90' lang='lat' dir='ltr'><strong>ceps</strong></span> <span class='ocrx_word' id='word_1_211' title='bbox 145 2645 279 2702; x_wconf 85' lang='lat' dir='ltr'><strong>Gallicum</strong></span> <span class='ocrx_word' id='word_1_212' title='bbox 290 2642 380 2699; x_wconf 83' lang='lat' dir='ltr'><strong>Civile</strong></span> <span class='ocrx_word' id='word_1_213' title='bbox 388 2641 549 2698; x_wconf 80' lang='lat' dir='ltr'><strong>Africanum</strong></span> <span class='ocrx_word' id='word_1_214' title='bbox 557 2645 775 2700; x_wconf 85' lang='lat' dir='ltr'><strong>Alexandrinum</strong></span> <span class='ocrx_word' id='word_1_215' title='bbox 782 2642 969 2714; x_wconf 88' lang='lat' dir='ltr'><strong>Hispaniense</strong></span> 
     </span>
     <span class='ocr_line' id='line_1_30' title="bbox 63 2725 969 2800; baseline -0.007 -14"><span class='ocrx_word' id='word_1_216' title='bbox 63 2732 100 2786; x_wconf 74' lang='lat' dir='ltr'><strong>‘a</strong></span> <span class='ocrx_word' id='word_1_217' title='bbox 115 2729 248 2785; x_wconf 88' lang='lat' dir='ltr'><strong>Suetonio</strong></span> <span class='ocrx_word' id='word_1_218' title='bbox 264 2727 351 2783; x_wconf 89' lang='lat' dir='ltr'><strong>milite</strong></span> <span class='ocrx_word' id='word_1_219' title='bbox 367 2725 497 2782; x_wconf 89' lang='lat' dir='ltr'><strong>caesaris</strong></span> <span class='ocrx_word' id='word_1_220' title='bbox 513 2734 541 2780; x_wconf 90' lang='lat' dir='ltr'><strong>et</strong></span> <span class='ocrx_word' id='word_1_221' title='bbox 557 2728 652 2783; x_wconf 82' lang='lat' dir='ltr'><strong>forsan</strong></span> <span class='ocrx_word' id='word_1_222' title='bbox 669 2744 776 2800; x_wconf 89' lang='lat' dir='ltr'><strong>proavo</strong></span> <span class='ocrx_word' id='word_1_223' title='bbox 793 2728 853 2782; x_wconf 89' lang='lat' dir='ltr'><strong>eius</strong></span> <span class='ocrx_word' id='word_1_224' title='bbox 869 2726 915 2797; x_wconf 93' lang='lat' dir='ltr'><strong>qui</strong></span> <span class='ocrx_word' id='word_1_225' title='bbox 933 2726 969 2780; x_wconf 91' lang='lat' dir='ltr'><strong>de</strong></span> 
     </span>
     <span class='ocr_line' id='line_1_31' title="bbox 65 2809 969 2882; baseline -0.006 -13"><span class='ocrx_word' id='word_1_226' title='bbox 65 2814 122 2869; x_wconf 84' lang='lat' dir='ltr'><strong>vita</strong></span> <span class='ocrx_word' id='word_1_227' title='bbox 139 2814 287 2869; x_wconf 84' lang='lat' dir='ltr'><strong>caesarum</strong></span> <span class='ocrx_word' id='word_1_228' title='bbox 302 2809 432 2881; x_wconf 84' lang='lat' dir='ltr'><strong>scripsit&#39;</strong></span> <span class='ocrx_word' id='word_1_229' title='bbox 452 2811 606 2882; x_wconf 90' lang='lat' dir='ltr'><strong>composita</strong></span> <span class='ocrx_word' id='word_1_230' title='bbox 629 2829 692 2867; x_wconf 90' lang='lat' dir='ltr'><strong>esse</strong></span> <span class='ocrx_word' id='word_1_231' title='bbox 713 2812 866 2867; x_wconf 83' lang='lat' dir='ltr'><strong>traduntur.</strong></span> <span class='ocrx_word' id='word_1_232' title='bbox 913 2809 969 2864; x_wconf 88' lang='lat' dir='ltr'><strong>Sed</strong></span> 
     </span>
     <span class='ocr_line' id='line_1_32' title="bbox 65 2893 970 2967; baseline -0.006 -16"><span class='ocrx_word' id='word_1_233' title='bbox 65 2897 139 2951; x_wconf 91' lang='lat' dir='ltr'><strong>idem</strong></span> <span class='ocrx_word' id='word_1_234' title='bbox 156 2912 235 2950; x_wconf 88' lang='lat' dir='ltr'><strong>error</strong></span> <span class='ocrx_word' id='word_1_235' title='bbox 250 2893 457 2964; x_wconf 89' lang='lat' dir='ltr'><strong>antiquissimus</strong></span> <span class='ocrx_word' id='word_1_236' title='bbox 472 2901 522 2956; x_wconf 89' lang='lat' dir='ltr'><strong>cst,</strong></span> <span class='ocrx_word' id='word_1_237' title='bbox 541 2911 601 2950; x_wconf 88' lang='lat' dir='ltr'><strong>cnm</strong></span> <span class='ocrx_word' id='word_1_238' title='bbox 615 2895 710 2967; x_wconf 91' lang='lat' dir='ltr'><strong>quinto</strong></span> <span class='ocrx_word' id='word_1_239' title='bbox 726 2895 840 2951; x_wconf 90' lang='lat' dir='ltr'><strong>saeculo</strong></span> <span class='ocrx_word' id='word_1_240' title='bbox 857 2894 970 2949; x_wconf 90' lang='lat' dir='ltr'><strong>ineunte</strong></span> 
     </span>
     <span class='ocr_line' id='line_1_33' title="bbox 66 2975 971 3051; baseline -0.004 -17"><span class='ocrx_word' id='word_1_241' title='bbox 66 2979 183 3034; x_wconf 88' lang='lat' dir='ltr'><strong>Orosius</strong></span> <span class='ocrx_word' id='word_1_242' title='bbox 198 2978 225 3031; x_wconf 92' lang='lat' dir='ltr'><strong>in</strong></span> <span class='ocrx_word' id='word_1_243' title='bbox 239 2977 382 3047; x_wconf 85' lang='lat' dir='ltr'><strong>Hispania,</strong></span> <span class='ocrx_word' id='word_1_244' title='bbox 400 2977 491 3031; x_wconf 88' lang='lat' dir='ltr'><strong>medio</strong></span> <span class='ocrx_word' id='word_1_245' title='bbox 507 2978 639 3035; x_wconf 87' lang='lat' dir='ltr'><strong>Sidonius</strong></span> <span class='ocrx_word' id='word_1_246' title='bbox 653 2978 826 3051; x_wconf 84' lang='lat' dir='ltr'><strong>Apollinaris</strong></span> <span class='ocrx_word' id='word_1_247' title='bbox 837 2978 866 3032; x_wconf 92' lang='lat' dir='ltr'><strong>in</strong></span> <span class='ocrx_word' id='word_1_248' title='bbox 881 2975 971 3032; x_wconf 85' lang='lat' dir='ltr'><strong>Gallia</strong></span> 
     </span>
     <span class='ocr_line' id='line_1_34' title="bbox 66 3059 972 3118; baseline -0.006 0"><span class='ocrx_word' id='word_1_249' title='bbox 66 3063 94 3118; x_wconf 89' lang='lat' dir='ltr'><strong>ei</strong></span> <span class='ocrx_word' id='word_1_250' title='bbox 111 3061 249 3118; x_wconf 81' lang='lat' dir='ltr'><strong>obnoxius</strong></span> <span class='ocrx_word' id='word_1_251' title='bbox 270 3059 364 3114; x_wconf 84' lang='lat' dir='ltr'><strong>luerit.</strong></span> <span class='ocrx_word' id='word_1_252' title='bbox 406 3060 457 3114; x_wconf 91' lang='lat' dir='ltr'><strong>Illa</strong></span> <span class='ocrx_word' id='word_1_253' title='bbox 474 3061 546 3116; x_wconf 91' lang='lat' dir='ltr'><strong>enirn</strong></span> <span class='ocrx_word' id='word_1_254' title='bbox 567 3079 618 3117; x_wconf 89' lang='lat' dir='ltr'><strong>sno</strong></span> <span class='ocrx_word' id='word_1_255' title='bbox 635 3061 865 3118; x_wconf 79' lang='lat' dir='ltr'><strong>caesarianorum</strong></span> <span class='ocrx_word' id='word_1_256' title='bbox 880 3060 972 3116; x_wconf 87' lang='lat' dir='ltr'><strong>bello-</strong></span> 
     </span>
    </p>
   </div>
   <div class='ocr_carea' id='block_1_3' title="bbox 64 3142 958 3216">
    <p class='ocr_par' dir='ltr' id='par_1_5' title="bbox 64 3142 958 3216">
     <span class='ocr_line' id='line_1_35' title="bbox 64 3142 958 3216; baseline -0.009 -12"><span class='ocrx_word' id='word_1_257' title='bbox 64 3165 125 3204; x_wconf 89' lang='lat' dir='ltr'><strong>rum</strong></span> <span class='ocrx_word' id='word_1_258' title='bbox 139 3146 303 3212; x_wconf 87' lang='lat' dir='ltr'><strong>summario,</strong></span> <span class='ocrx_word' id='word_1_259' title='bbox 320 3142 394 3213; x_wconf 91' lang='lat' dir='ltr'><strong>quod</strong></span> <span class='ocrx_word' id='word_1_260' title='bbox 412 3160 448 3198; x_wconf 83' lang='lat' dir='ltr'><strong>ex</strong></span> <span class='ocrx_word' id='word_1_261' title='bbox 463 3146 659 3216; x_wconf 88' lang='lat' dir='ltr'><strong>superstitibus</strong></span> <span class='ocrx_word' id='word_1_262' title='bbox 674 3145 739 3201; x_wconf 88' lang='lat' dir='ltr'><strong>Divi</strong></span> <span class='ocrx_word' id='word_1_263' title='bbox 754 3146 817 3201; x_wconf 91' lang='lat' dir='ltr'><strong>Iulii</strong></span> <span class='ocrx_word' id='word_1_264' title='bbox 834 3159 958 3200; x_wconf 88' lang='lat' dir='ltr'><strong>commen</strong></span> 
     </span>
    </p>
   </div>
   <div class='ocr_carea' id='block_1_4' title="bbox 64 3290 975 3563">
    <p class='ocr_par' dir='ltr' id='par_1_6' title="bbox 64 3290 975 3563">
     <span class='ocr_line' id='line_1_36' title="bbox 134 3290 975 3358; baseline -0.002 -16"><span class='ocrx_word' id='word_1_265' title='bbox 134 3291 182 3353; x_wconf 83' lang='lat'><strong>98)</strong></span> <span class='ocrx_word' id='word_1_266' title='bbox 220 3290 302 3358; x_wconf 87' lang='lat' dir='ltr'><strong>Supra</strong></span> <span class='ocrx_word' id='word_1_267' title='bbox 330 3292 439 3342; x_wconf 86' lang='lat' dir='ltr'><strong>vidimus</strong></span> <span class='ocrx_word' id='word_1_268' title='bbox 463 3309 489 3358; x_wconf 85' lang='lat' dir='ltr'><strong>p.</strong></span> <span class='ocrx_word' id='word_1_269' title='bbox 509 3292 589 3344; x_wconf 91' lang='lat' dir='ltr'><strong>XclV</strong></span> <span class='ocrx_word' id='word_1_270' title='bbox 612 3294 724 3345; x_wconf 88' lang='lat' dir='ltr'><strong>Suetonii</strong></span> <span class='ocrx_word' id='word_1_271' title='bbox 745 3309 836 3344; x_wconf 87' lang='lat' dir='ltr'><strong>nomen</strong></span> <span class='ocrx_word' id='word_1_272' title='bbox 855 3293 975 3356; x_wconf 83' lang='lat' dir='ltr'><strong>frequen·</strong></span> 
     </span>
     <span class='ocr_line' id='line_1_37' title="bbox 64 3359 962 3423; baseline 0 -13"><span class='ocrx_word' id='word_1_273' title='bbox 64 3374 106 3410; x_wconf 82' lang='lat' dir='ltr'><strong>ter</strong></span> <span class='ocrx_word' id='word_1_274' title='bbox 120 3376 146 3410; x_wconf 89' lang='lat' dir='ltr'><strong>rn</strong></span> <span class='ocrx_word' id='word_1_275' title='bbox 166 3359 290 3411; x_wconf 87' lang='lat' dir='ltr'><strong>Sitoninm</strong></span> <span class='ocrx_word' id='word_1_276' title='bbox 311 3370 335 3410; x_wconf 87' lang='lat' dir='ltr'><strong>at</strong></span> <span class='ocrx_word' id='word_1_277' title='bbox 357 3359 489 3411; x_wconf 87' lang='lat' dir='ltr'><strong>Sidonium</strong></span> <span class='ocrx_word' id='word_1_278' title='bbox 508 3363 600 3414; x_wconf 82' lang='lat' dir='ltr'><strong>abisse.</strong></span> <span class='ocrx_word' id='word_1_279' title='bbox 637 3364 674 3413; x_wconf 88' lang='lat' dir='ltr'><strong>De</strong></span> <span class='ocrx_word' id='word_1_280' title='bbox 692 3363 796 3415; x_wconf 88' lang='lat' dir='ltr'><strong>Sidonio</strong></span> <span class='ocrx_word' id='word_1_281' title='bbox 813 3361 906 3412; x_wconf 88' lang='lat' dir='ltr'><strong>citerio</strong></span> <span class='ocrx_word' id='word_1_282' title='bbox 926 3359 962 3423; x_wconf 80' lang='lat' dir='ltr'><strong>Sy</strong></span> 
     </span>
     <span class='ocr_line' id='line_1_38' title="bbox 66 3429 973 3496; baseline 0.003 -20"><span class='ocrx_word' id='word_1_283' title='bbox 66 3444 204 3492; x_wconf 84' lang='lat' dir='ltr'><strong>racusano,</strong></span> <span class='ocrx_word' id='word_1_284' title='bbox 229 3433 271 3493; x_wconf 91' lang='lat' dir='ltr'><strong>qui</strong></span> <span class='ocrx_word' id='word_1_285' title='bbox 286 3431 394 3480; x_wconf 80' lang='lat' dir='ltr'><strong>Ausonii</strong></span> <span class='ocrx_word' id='word_1_286' title='bbox 415 3431 529 3494; x_wconf 82' lang='lat' dir='ltr'><strong>aequalis</strong></span> <span class='ocrx_word' id='word_1_287' title='bbox 544 3432 625 3484; x_wconf 77' lang='lat' dir='ltr'><strong>luisse</strong></span> <span class='ocrx_word' id='word_1_288' title='bbox 643 3433 750 3496; x_wconf 55' lang='lat' dir='ltr'><strong>dicier,</strong></span> <span class='ocrx_word' id='word_1_289' title='bbox 780 3447 821 3481; x_wconf 87' lang='lat' dir='ltr'><strong>res</strong></span> <span class='ocrx_word' id='word_1_290' title='bbox 836 3429 973 3481; x_wconf 87' lang='lat' dir='ltr'><strong>admodum</strong></span> 
     </span>
     <span class='ocr_line' id='line_1_39' title="bbox 65 3503 565 3563; baseline 0.01 -16"><span class='ocrx_word' id='word_1_291' title='bbox 65 3508 185 3563; x_wconf 77' lang='lat' dir='ltr'><strong>suspecta</strong></span> <span class='ocrx_word' id='word_1_292' title='bbox 203 3509 254 3558; x_wconf 85' lang='lat' dir='ltr'><strong>est,</strong></span> <span class='ocrx_word' id='word_1_293' title='bbox 276 3515 308 3548; x_wconf 85' lang='lat' dir='ltr'><strong>an</strong></span> <span class='ocrx_word' id='word_1_294' title='bbox 326 3513 447 3563; x_wconf 82' lang='lat' dir='ltr'><strong>umquam</strong></span> <span class='ocrx_word' id='word_1_295' title='bbox 465 3503 565 3552; x_wconf 85' lang='lat' dir='ltr'><strong>vixerit.</strong></span> 
     </span>
    </p>
   </div>
   <div class='ocr_carea' id='block_1_5' title="bbox 0 0 1180 3870">
    <p class='ocr_par' dir='ltr' id='par_1_7' title="bbox 0 0 1180 3870">
     <span class='ocr_line' id='line_1_40' title="bbox 0 0 1180 3870; baseline 0 0"><span class='ocrx_word' id='word_1_296' title='bbox 0 0 1180 3870; x_wconf 95' lang='lat' dir='ltr'><strong> </strong></span> 
     </span>
    </p>
   </div>
  </div>
 </body>
</html>
