2334 3870
101 130 159 195 152
204 139 398 190 c.suuron1
416 138 545 197 nunno.
561 138 609 184 mc
624 136 706 183 vrrs
720 134 910 187 camanum
923 139 998 189 uun.
1013 142 1047 190 v.

56 308 91 360 lo
100 296 272 378 pependerit
300 295 353 355 sub
382 294 477 354 edicto
512 292 737 371 praefectorum.
785 290 841 351 Per
863 290 942 354 haec
970 312 1009 356 ac
1035 295 1103 356 talia

98 382 220 442 maxima
246 381 348 440 aetatis
374 387 457 457 parte
482 384 641 450 transacta,
678 375 914 453 quinquageaimo
941 394 1022 438 anno
1050 380 1102 439 im·

98 466 210 544 perium
226 463 304 543 cepit
320 461 497 541 quantumvis
511 457 632 518 mirabili
648 477 727 518 casu.
765 457 905 519 Exclusus
923 462 1004 520 iuter
1019 472 1099 522 cete-

97 566 147 608 ros
163 548 199 609 ab
220 544 432 607 insidiatoribus
456 543 520 620 Gai,
545 556 624 618 cum,
647 543 729 620 quasi
756 550 896 603 secretum
914 562 951 604 eo
977 543 1096 605 deside-

98 641 195 710 rante,
230 630 339 691 turbam
371 627 592 703 submoverent,
620 628 648 684 in
677 624 821 704 diaetam,
847 628 892 687 cui
915 645 1016 689 nomen
1044 636 1115 686 esta

97 716 284 790 Hermaeum,
308 720 488 781 recesserat;
523 729 618 789 neque
644 709 732 770 multo
758 719 828 788 post
855 728 966 772 rumore
992 710 1090 771 caedis

98 800 269 872 exterritus,
293 797 441 875 prorepsit
461 795 497 855 ad
518 795 653 855 solarium
673 795 834 872 proximum
861 795 992 875 interque
1011 811 1092 872 prae-

20 886 24 893 ’
97 891 174 942 tenta
206 880 318 941 foribus
343 879 409 940 vela
438 898 471 939 se
499 879 614 940 abdidit.
656 877 805 938 hatentem
830 877 999 939 discurrens
1020 877 1098 937 forte

96 965 249 1044 gregarius
267 964 365 1043 miles,
385 963 590 1024 animadversis
607 961 743 1041 pedibus,
773 980 792 1022 e
815 962 912 1023 studio
934 960 1101 1023 sciscitandi

97 1049 226 1128 quisnam
242 1059 335 1125 esset,
358 1048 511 1125 adgnovit,
534 1055 751 1125 extractumque
765 1054 796 1106 et
817 1065 890 1126 prae
904 1054 982 1106 metu
997 1044 1035 1106 ad
1050 1061 1101 1122 ge·
1111 1059 1133 1099 ro

96 1151 152 1193 nna
173 1132 227 1192 sibi
253 1132 432 1193 adcidentem
454 1133 658 1211 imperatorem
679 1129 821 1190 salumvit.
864 1130 942 1190 ilinc
967 1128 1003 1190 ad
1028 1128 1102 1189 alios

97 1214 307 1276 commilitones
325 1215 487 1275 fluctuantis
511 1233 566 1274 nec
589 1216 740 1293 quicquam
756 1212 849 1274 adhuc
867 1232 953 1293 quarn
975 1214 1101 1273 fremen-

94 1300 131 1359 tis
147 1297 289 1376 perduxit.
333 1299 379 1359 llb
395 1298 439 1358 his
456 1299 579 1358 lecticae
594 1300 745 1378 impositos
766 1306 812 1375 et,
837 1298 903 1377 quia
918 1299 964 1358 sui
979 1295 1101 1374 dihnge«

95 1390 174 1460 rant,
195 1383 324 1443 vicissim
347 1383 573 1444 succollantibus
593 1384 622 1442 in
645 1391 739 1442 castra
761 1381 874 1442 delatus
894 1391 942 1442 est
956 1383 1050 1441 tristis
1067 1397 1101 1439 ac

96 1466 239 1546 trepidus,
268 1469 421 1529 miseraute
443 1468 528 1529 obvio
551 1468 726 1545 torbaqoasi
741 1465 777 1526 ad
799 1483 924 1544 poenam
943 1473 1099 1543 raperetur
1110 1485 1131 1525 n

96 1553 205 1612 insons.
248 1552 398 1632 Receptus
412 1553 486 1613 intra
503 1552 623 1629 vallum,
647 1552 721 1610 inter
739 1549 877 1610 excubias
891 1548 1014 1609 militum
1036 1567 1099 1628 per·

96 1637 240 1712 noctarii,
263 1636 408 1715 aliquanto
423 1638 533 1697 minore
549 1654 603 1713 spe
618 1653 701 1713 quam
716 1633 828 1694 liducia.
871 1632 945 1694 Nam
961 1632 1101 1694 consules

96 1737 160 1779 cnm
178 1728 278 1779 senatu
295 1729 323 1779 et
339 1719 505 1779 cohortibus
520 1719 636 1778 urbanis
651 1719 744 1778 iorum
759 1716 992 1796 Capitoliumque
1013 1735 1099 1778 occu·

95 1811 250 1881 paverant,
280 1804 418 1861 asserturi
445 1819 622 1861 communem
649 1802 826 1871 libertatem;
865 1803 1040 1880 accitusque
1072 1807 1099 1859 et

95 1888 228 1963 ipseper
244 1885 303 1943 ΤΒ.
319 1884 372 1942 Ph.
389 1887 416 1941 in
432 1887 538 1944 curiam
553 1885 588 1944 ad
606 1885 752 1945 suadenda
771 1904 845 1965 quae
859 1884 1047 1962 riderentur,
1068 1883 1129 1943 oto

93 1986 128 2027 aa
142 1973 171 2026 et
186 1968 368 2026 necessitate
391 1969 488 2027 terreri
504 1968 665 2046 respondit.
710 1971 819 2031 Verum
839 1977 961 2048 postero
982 1967 1052 2045 die,
1072 1975 1099 2027 et

93 2057 193 2108 senatu
208 2050 345 2124 segniore
364 2052 392 2109 in
408 2053 587 2131 exequendis
609 2053 759 2114 conatibus
777 2070 831 2131 per
848 2051 975 2113 taedium
991 2070 1030 2113 ac
1045 2052 1098 2112 die

93 2132 258 2191 sensionem
281 2133 396 2194 diversa
417 2139 608 2215 censentium,
627 2147 656 2197 et
674 2136 853 2197 multitudine
875 2154 950 2216 quae
976 2137 1097 2197 circum-

93 2213 186 2275 stabat
209 2235 292 2276 unum
314 2227 459 2279 rectorem
474 2222 530 2280 iam
546 2231 575 2280 et
594 2222 761 2282 nominatim
782 2229 981 2300 exposcente,
1007 2238 1096 2281 arma·

91 2309 138 2358 tos
155 2315 208 2376 pro
227 2303 363 2362 contione
380 2304 475 2363 iurare
487 2306 515 2363 in
531 2323 635 2365 nomen
657 2322 738 2364 snum
755 2321 859 2382 passus
881 2313 928 2366 est
951 2305 1128 2383 promisit-ra

93 2400 149 2462 qne
173 2384 293 2460 singulis
321 2388 405 2464 quina
433 2387 506 2448 dena
528 2390 676 2465 sestertia,
707 2390 816 2468 primos
832 2386 991 2449 Caesarum
1011 2387 1097 2449 iidem

92 2466 189 2526 militis
206 2470 289 2527 etiam
305 2471 434 2549 praemio
449 2473 626 2549 pigneratus.

48 2551 79 2606 11
154 2548 280 2628 Imperio
302 2552 443 2631 stabilito,
472 2555 540 2614 nihil
559 2557 703 2634 antiquius
722 2557 802 2616 duxit
819 2574 904 2635 quam
919 2553 948 2615 id
967 2554 1095 2631 bidun,

91 2652 149 2712 quo
166 2634 201 2694 de
220 2636 352 2696 mutando
368 2639 411 2695 rei
428 2657 456 2716 p.
473 2647 547 2698 stato
563 2638 732 2700 haesitatum
754 2651 831 2716 erat,
861 2642 1020 2700 memoriae
1036 2642 1095 2700 exi·

90 2736 179 2777 mere.
225 2718 354 2778 Omnium
376 2722 472 2798 itaque
493 2722 633 2783 factorum
653 2723 854 2803 dictorumque
872 2725 902 2784 in
924 2740 961 2783 eo
982 2725 1128 2785 veniamtt

91 2811 120 2862 et
147 2802 323 2864 oblivionem
350 2806 378 2862 in
408 2813 578 2884 perpetuum
605 2809 697 2866 sanxit
727 2827 761 2869 ac
788 2809 947 2887 praestitit,
973 2807 1097 2868 tribunis

91 2885 176 2947 modo
203 2904 237 2946 ac
261 2888 475 2949 centurionibus
498 2892 629 2966 paucine
651 2893 864 2952 coniuratorum
880 2894 909 2951 in
925 2890 1028 2953 (laium
1047 2910 1096 2951 uu·

91 2988 170 3030 mero
185 2971 383 3049 interemptis,
419 2972 545 3051 exempli
570 2974 652 3033 simul
669 2994 755 3035 causa
773 2985 803 3035 et
823 2975 901 3054 quod
924 2993 1006 3035 suam
1025 2992 1096 3053 quo-

94 3073 149 3134 que
172 3054 289 3115 caedem
313 3054 526 3134 depoposcisse
547 3068 736 3135 cognoverat.
782 3057 952 3120 Conversus
972 3058 1043 3119 hinc
1060 3057 1096 3119 ad

93 3139 188 3199 oiircia
205 3140 335 3217 pietatis,
359 3140 402 3197 ius
421 3139 567 3200 iurandum
581 3161 676 3220 neque
692 3145 819 3203 sanctius
835 3144 890 3203 sibi
910 3160 1009 3221 neque
1030 3159 1128 3202 cre-ts

92 3221 170 3282 brius
190 3223 306 3282 instituit
334 3239 416 3299 quam
446 3242 500 3301 per
522 3225 692 3301 Angustum.
736 3227 831 3287 hviae
858 3227 957 3288 Liviae
980 3225 1095 3286 divinos

91 3304 219 3365 honores
249 3315 278 3365 ct
302 3307 425 3366 circensi
455 3324 560 3385 pompa
591 3327 702 3368 currum
729 3310 967 3389 elephantorum,
993 3307 1094 3387 hugu-

90 3388 165 3447 atino
181 3390 319 3468 similem,
337 3389 518 3450 decernenda
534 3394 658 3457 curarit:
683 3393 849 3471 parentibus
864 3395 983 3455 inferias
999 3392 1094 3471 publi·
