2334 3870
113 204 174 267 150
219 214 249 262 c.
263 211 413 262 suurour
429 209 557 268 raama.
576 208 623 254 oa
640 207 722 253 uma
742 204 929 255 causarum
944 207 1019 257 mu.
1033 209 1067 257 v.

113 372 169 433 des
187 370 270 430 larse
288 373 411 446 partem
432 363 583 444 epistulae
602 361 693 422 laius
714 360 884 440 dependam,
910 362 1029 425 Rursus
1051 363 1125 425 alte-

110 457 153 516 ris
170 455 288 514 litteris:

178 537 334 600 Tiberium
351 535 575 595 adulescentem
591 549 647 610 epo
669 547 760 606 aare,
790 528 1038 609 dumio-alteris,
1065 552 1120 594 ce-

111 623 188 685 tidie
201 618 340 685 inuitabo
357 619 401 679 ad
421 635 568 692 caenam,
597 633 636 677 ae
656 614 743 675 solus
765 622 875 679 cuum
887 634 951 678 eam
966 633 1021 679 suo
1042 615 1116 677 Sul·

107 709 195 788 picio
221 713 250 767 et
274 701 483 765 Athenodoro.
531 699 592 775 Qui
619 699 726 761 uellem
757 699 934 780 attipmttia
961 706 989 761 et
1013 701 1137 761 miuuss

111 783 284 872 μετεώρως
306 787 453 867 deligeret
476 785 539 850 sibi
565 787 713 865 aliquem,
751 785 842 847 cuius
860 791 973 849 maon
990 784 1114 847 allabi·

111 883 174 937 tum
201 881 230 934 et
256 873 412 934 incessum
427 872 612 934 imitaretur.
657 868 800 931 Misellum
825 857 957 948 ἀτυχεῖ·
987 886 1061 931 uam
1087 865 1122 929 ἐν

111 967 179 1032 τοῖς
198 954 414 1037 σπουδαίοις,
440 956 495 1017 ubi
518 975 581 1018 uon
603 953 765 1015 aberrauit
784 954 853 1015 mus
874 954 1015 1031 amoma,
1045 955 1126 1014 satis

112 1029 283 1124 appareti}
299 1038 357 1122 τῆς
374 1039 481 1120 ψυχῆς
493 1031 599 1101 αὐτοῦ
615 1029 776 1118 εὐγένεια.
806 1037 879 1100 Item
894 1040 990 1101 tertiis
1005 1038 1124 1099 litteris:

178 1127 332 1189 Tiberium
362 1133 503 1204 nepotem
530 1132 613 1186 tuum
639 1125 769 1202 placere
797 1123 875 1185 milti
901 1123 1127 1187 declamantem
1136 1146 1157 1184 m

108 1214 266 1291 potuisse,
296 1227 426 1286 perarma
443 1211 521 1285 uisi,
552 1227 622 1270 mea
636 1208 745 1285 livia,
775 1207 929 1270 admiror.
973 1206 1127 1289 Numqui

110 1303 172 1356 tum
188 1291 325 1372 ἀσαφῶς
345 1294 509 1374 loquatur,
542 1295 595 1373 qui
615 1295 722 1373 pessit
742 1311 810 1354 cum
832 1292 991 1357 declamat
1010 1289 1126 1373 σαφῶς

111 1380 217 1442 dicere
230 1396 312 1460 quae
326 1378 460 1441 diceudo
476 1384 563 1456 sumt,
586 1397 649 1440 uon
663 1378 764 1440 uideo.

172 1466 236 1527 Nec
253 1464 369 1525 dubium
385 1476 446 1543 est,
471 1465 538 1545 quid
555 1465 709 1544 posthaec
725 1463 875 1542 Angustus
895 1463 1082 1527 constituerit
1098 1471 1125 1522 et

110 1551 263 1632 reliquerit
284 1568 348 1612 eum
369 1551 449 1611 nullo
467 1560 585 1630 praeter
601 1549 748 1626 auguralis
768 1547 927 1609 sacerdotii
942 1547 1060 1609 honore
1076 1550 1124 1606 im·
1135 1571 1154 1610 rs

110 1639 258 1715 partitum,
288 1654 323 1696 ac
338 1653 375 1694 ne
397 1636 535 1696 heredem
551 1634 666 1713 quidem
687 1635 742 1693 nisi
757 1635 832 1693 inter
846 1634 950 1693 tertios
971 1651 1008 1693 ac
1029 1651 1124 1712 paene

110 1730 269 1782 extraneos
300 1739 316 1779 e
346 1728 429 1797 parte
458 1729 541 1779 sexta
571 1720 758 1797 nuncuparit,
786 1717 886 1796 legato
917 1733 1038 1796 quoque
1069 1735 1124 1777 non

111 1807 234 1885 amplius
252 1821 337 1883 qnam
356 1805 588 1879 octingentorum
604 1806 805 1863 sestertiorum
821 1810 1007 1882 prosecutus.

78 1890 95 1941 5
172 1889 305 1948 Tiberius
333 1894 452 1964 patruus
478 1888 588 1964 petenti
615 1887 743 1947 honores
767 1886 931 1948 consularia
951 1894 1122 1946 ornamenta

109 1971 223 2040 detulit;
255 1970 307 2029 sed
329 1971 479 2029 instantius
495 1971 642 2047 legitimos
661 1972 801 2049 flagitanti
817 1972 846 2031 id
866 1970 960 2030 solum
977 1969 1122 2031 codicillis
1130 1988 1152 2027 m

107 2055 277 2132 rescripsit,
305 2053 518 2133 quadruplata
550 2074 666 2117 aureos
693 2057 728 2116 ia
752 2054 943 2118 Satmmalia
967 2062 999 2116 et
1025 2053 1119 2135 Sipil-

107 2137 194 2199 laria
215 2137 339 2199 misisse
359 2140 396 2200 ei.
442 2140 524 2200 Tunc
545 2141 657 2200 demum
678 2141 792 2202 abiecta
816 2159 870 2221 spa
889 2140 1057 2219 dignitatis,
1087 2137 1121 2200 ad

108 2225 198 2284 otium
215 2226 378 2302 concessit,
404 2225 491 2285 modo
507 2227 536 2284 in
550 2225 644 2286 hortis
660 2235 689 2285 et
704 2222 976 2286 suburbauomodo
992 2226 1021 2284 in
1038 2223 1120 2285 Gam-

108 2311 213 2388 paniae
246 2327 367 2369 secessu
393 2310 587 2387 delitescens,
618 2320 705 2390 atque
737 2329 775 2370 ex
804 2309 998 2370 contubernio
1026 2307 1119 2369 sordi-

109 2394 291 2454 dissimorum
312 2395 458 2455 homiuum
481 2414 569 2474 super
589 2405 720 2455 veterem
741 2396 884 2472 segnitiae
905 2402 1004 2455 notam
1024 2393 1150 2454 ebriam

106 2479 174 2538 tatis
190 2497 307 2557 quoque
324 2489 353 2539 et
367 2480 450 2540 aleae
467 2481 610 2540 infamiam
625 2480 723 2539 subiit.

75 2566 93 2619 6
170 2560 242 2622 Cum
271 2565 399 2641 interim,
430 2583 600 2643 quamquam
626 2565 684 2624 hoc
708 2563 794 2624 modo
823 2566 948 2642 agenti,
967 2580 1120 2642 numquam

107 2655 156 2704 aut
174 2645 302 2706 osticium
323 2649 468 2709 homiuum
488 2659 536 2709 aut
558 2649 722 2710 reverentia
738 2648 856 2728 publice
877 2648 978 2709 deluit.
1022 2646 1119 2726 Eque-

107 2739 167 2789 ster
189 2731 261 2791 ordo
283 2733 329 2791 bis
352 2743 504 2812 patronum
525 2752 589 2792 enm
610 2734 804 2813 perferendae
826 2752 881 2812 pro
903 2753 936 2794 se
961 2731 1120 2810 legationis

107 2814 212 2892 elegit,
245 2817 336 2877 semel
357 2837 421 2877 eum
435 2817 645 2895 deportandum
663 2817 785 2879 Romam
802 2835 912 2897 corpus
927 2816 1055 2894 Augusti
1070 2815 1151 2875 hu-ao

106 2900 193 2959 meris
216 2901 275 2959 suis
296 2901 333 2960 ab
358 2902 527 2962 consulibus
554 2912 751 2983 exposceret,
782 2905 886 2962 iterum
907 2920 971 2963 cum
997 2918 1120 2980 oppres

107 3003 169 3044 sum
184 2987 319 3045 Seianum
337 2987 414 3064 apud
430 2988 550 3048 cosdem
564 2987 776 3065 gratularetur;
811 2989 880 3066 quin
894 2995 925 3047 et
939 2984 1120 3066 spectaculis

106 3069 270 3130 advenienti
288 3088 446 3148 assurgere
470 3082 500 3132 et
515 3072 650 3132 lacernas
670 3072 821 3152 deponere
839 3071 965 3132 solebat.
994 3070 1120 3130 Senatm

107 3171 240 3233 quoqne,
273 3163 303 3215 ut
323 3154 524 3216 adnumerum
544 3157 685 3217 sodalium
703 3156 906 3235 Augustalium
921 3163 1003 3218 sorte
1020 3152 1120 3214 ducto·

105 3256 167 3296 rum
186 3249 268 3301 extra
291 3239 420 3301 ordinem
441 3240 622 3319 adiceretur,
651 3244 764 3302 censuit
780 3251 808 3302 et
827 3259 898 3301 mox
912 3250 943 3301 ut
957 3240 1060 3300 domus
1081 3237 1150 3314 elas

105 3338 190 3398 quam
206 3325 340 3385 incendio
357 3325 507 3401 amiserat,
538 3326 654 3404 publica
676 3330 807 3405 impensa
828 3327 1048 3400 restitueretur,
1078 3320 1117 3381 di·

106 3404 278 3485 oeudaeqne
299 3411 373 3468 iuter
394 3411 564 3469 consulares
584 3414 745 3473 sententiae
762 3414 806 3471 ins
828 3418 918 3470 esset.
962 3405 1048 3485 Quod
1069 3404 1118 3467 de·

105 3498 215 3549 cretum
238 3493 378 3553 abolitum
394 3503 457 3573 est,
486 3504 644 3555 excusante
668 3495 788 3557 'liberio
810 3493 1039 3555 imbecillitatem
1055 3491 1119 3553 etus
