2334 3870
465 168 571 218 nrvus
594 167 720 217 rubruc.
1053 155 1095 217 23

95 344 229 410 quosque
259 323 393 387 Caesaris
423 324 547 394 amicos3
585 341 707 404 quorum
738 322 825 386 Gaius
859 320 984 403 Oppius,
1012 322 1095 402 quasi

97 414 184 492 plane
214 409 386 471 defensione
410 426 446 468 ao
468 409 629 486 patrocinio
651 425 702 468 res
726 416 847 486 egeret,
870 405 974 468 librum
994 405 1093 485 edidit,

98 513 154 556 non
175 513 241 556 esse
270 491 522 568 Caesarislilium,
551 509 636 571 ιιιιοιι
661 491 820 572 Cleopatra
852 490 939 551 dicat.
975 489 1095 552 lleluius

98 579 186 641 Cinna
202 579 262 640 ΤΒ.
278 577 333 638 PL.
350 576 500 655 plerisque
527 577 680 637 confessus
696 586 741 638 est
756 574 895 638 habuisse
909 593 944 636 se
959 576 1096 655 scriptam

72 672 282 746 speratumque
307 662 421 737 legem,
449 676 534 738 quam
550 657 659 720 Caesar
679 661 757 722 lerre
777 662 910 722 iussisset
940 676 1006 720 cum
1032 659 1097 738 ipse

94 749 235 821 abesset,
261 746 302 804 uti
325 760 433 803 uxores
454 742 612 802 liberorum
628 743 855 820 quaerendorum
877 762 963 807 causa
979 759 1052 823 quas
1069 749 1099 803 et

96 839 170 910 quot
184 828 275 888 vellet
290 825 399 888 ducere
416 828 531 888 liceret.
553 826 600 886 Ac
616 843 656 886 ne
672 827 715 886 cui
737 825 852 889 dubium
868 831 983 891 omniuo
999 828 1045 906 sit,
1069 834 1099 887 et

99 911 293 992 impudicitiae
312 920 342 972 et
365 910 571 972 adulteriorum
592 910 736 988 llagrasse
758 908 889 988 infamia,
910 910 997 972 Gurio
1013 920 1098 992 pater

96 997 217 1076 quadam
239 1014 302 1055 eum
325 997 455 1057 oratione
480 997 604 1056 omnium
627 994 779 1055 mulierum
807 994 898 1054 virum
926 1003 954 1054 et
976 996 1098 1057 omnium

59 1100 85 1142 m
95 1084 224 1142 virorum
238 1079 386 1141 mulierem
400 1080 540 1161 appellat.
1088 1108 1161 1155 q

159 1166 225 1225 Vini
245 1165 444 1244 parcissimum
463 1182 500 1224 ne
523 1164 629 1226 inlmici
649 1164 763 1243 quidem
780 1172 973 1243 negaverunt.
1007 1162 1099 1227 llarci
1107 1174 1142 1230 53

96 1248 216 1310 Catonis
240 1258 300 1326 est,
329 1268 423 1310 uuum
437 1266 477 1309 aa
492 1249 632 1310 omuibus
649 1247 819 1312 Gaesarem
838 1249 889 1311 ud
901 1248 1099 1312 mettensium

94 1330 329 1409 rempublicam
343 1331 483 1391 cobrium
500 1329 682 1391 accessisse.
704 1333 776 1394 Nam
793 1336 870 1394 eirca
885 1336 993 1395 vietum
1010 1333 1098 1396 Gaius

98 1415 211 1492 Oppius
234 1413 307 1472 adeo
328 1413 541 1472 indifferentem
562 1412 668 1486 docet,
696 1423 726 1471 ut
758 1416 900 1492 quondam
924 1417 960 1475 ab
981 1417 1098 1493 hospite

61 1516 89 1558 rs
101 1496 247 1558 conditum
261 1495 357 1554 oleum
367 1511 422 1573 pro
438 1492 520 1552 viridi
536 1493 714 1573 adpositum,
737 1496 959 1573 aspernantibus
982 1498 1099 1573 ceteris,

98 1582 193 1643 solum
209 1580 292 1640 etiam
306 1579 416 1657 largius
433 1578 582 1657 appetisse
604 1577 728 1656 scribat,
759 1594 796 1637 ne
817 1577 962 1657 hospitem
983 1586 1031 1638 aut
1049 1596 1099 1638 ne·

97 1666 267 1744 glegentiae
288 1672 336 1724 aut
349 1662 519 1724 rusticitatis
540 1662 687 1723 videretur
712 1680 848 1742 arguere.
887 1660 1144 1723 Abstinentiamtb

97 1767 192 1828 neque
207 1750 236 1808 in
250 1749 380 1828 imperiis
394 1766 489 1827 neque
507 1748 536 1806 iu
551 1748 766 1824 magistratibus
785 1747 937 1827 praestitit.
970 1747 1010 1810 Ut
1024 1746 1100 1808 enlm

100 1833 212 1912 quidam
236 1833 425 1893 monumentis
448 1834 507 1891 suis
529 1833 626 1893 testati
646 1839 728 1909 sunt,
758 1833 787 1891 in
813 1831 951 1912 Hispania
973 1849 1099 1913 procon-

62 1911 163 1977 sosule
185 1925 245 1977 eta
265 1919 354 1977 sociis
374 1918 514 1996 pecunias
537 1918 654 1996 accepit
680 1915 874 1977 emendicatas
905 1918 934 1976 in
964 1916 1100 1979 auxilium

97 2003 175 2062 aeris
204 2000 289 2060 alieni
317 2008 347 2059 et
372 2000 569 2061 Lusitanorum
598 2000 737 2078 quaedam
769 1999 892 2080 oppida,
931 2017 1100 2081 quamquam

97 2101 155 2144 nec
171 2083 310 2162 imperata
326 2082 522 2143 detrectarent
535 2092 564 2143 et
582 2083 746 2144 advenienti
767 2093 869 2165 portas
888 2087 1099 2163 patefacerent,

97 2167 217 2245 diripuit
236 2165 392 2226 hostiliter.
421 2165 454 2225 ln
471 2165 563 2227 Gallia
582 2167 649 2229 fana
665 2169 832 2249 templaque
851 2167 935 2228 deum
950 2169 1034 2230 donis
1053 2187 1099 2229 re·

97 2251 173 2312 lerta
202 2251 357 2329 expilavit,
380 2249 468 2310 urbes
495 2249 579 2309 diruit
601 2251 717 2331 saepius
738 2252 776 2312 ob
796 2251 933 2332 praedam
958 2269 1042 2330 quam
1062 2251 1100 2311 ob

60 2335 250 2404 audelictum3
270 2333 346 2396 uude
360 2335 484 2412 lactum,
511 2342 542 2393 ut
554 2351 624 2395 auro
643 2335 802 2397 abundaret
818 2336 967 2414 ternisque
988 2333 1102 2393 milibus

96 2435 239 2486 nummum
254 2420 282 2478 in
296 2419 387 2481 libras
402 2418 586 2499 promercale
605 2436 660 2497 per
678 2418 788 2482 Italiam
811 2420 1036 2501 provinciasque
1061 2418 1109 2495 dig

96 2501 248 2563 uenderet.
271 2502 304 2564 ln
318 2503 410 2583 primo
427 2501 576 2564 consulatu
593 2505 646 2564 tria
666 2505 743 2566 milia
761 2504 859 2584 pondo
882 2505 943 2565 auri
957 2504 1102 2564 furatuse

98 2584 261 2667 Capitolio,
288 2586 452 2648 tantundem
472 2589 593 2649 inaurati
611 2588 688 2648 aeris
707 2591 850 2669 reposuit.
885 2589 1051 2650 societates
1066 2604 1101 2648 ιο

96 2689 190 2749 regna
214 2673 309 2750 pretio
330 2671 425 2750 dedit,
448 2673 546 2752 utqui
569 2673 616 2732 uni
636 2671 804 2735 Ptolemaeo
826 2691 921 2754 prope
948 2672 1100 2733 sexmilia

59 2754 271 2816 attalentorum
291 2773 345 2816 suo
366 2755 544 2836 Pompeique
564 2759 680 2818 nomine
703 2756 867 2819 abstulerit.
905 2757 1013 2818 l’ostea
1027 2774 1099 2817 vero

97 2838 322 2900 evidentissimis
344 2841 454 2920 rapinis
478 2857 513 2901 ac
533 2841 687 2919 sacrilegis
705 2850 735 2902 et
755 2859 845 2903 onera
870 2841 1014 2902 bellorum
1031 2840 1099 2901 civi-

97 2924 166 2985 lium
186 2932 214 2984 et
229 2922 439 3002 triumphorum
460 2942 495 2984 ac
514 2942 662 2985 munerum
684 2926 817 2987 sustinuit
839 2924 992 3005 impendia.

157 3005 333 3086 Eloquentia
353 3008 524 3088 militarique
547 3025 580 3068 re
607 3017 655 3069 aut
683 3011 816 3088 aequavit
839 3011 1143 3089 praestantissimo-55

96 3108 160 3151 rum
189 3089 313 3168 gloriam
330 3099 378 3152 aut
407 3093 544 3152 excessit.
587 3091 658 3153 Post
686 3095 900 3154 accusationem
926 3092 1100 3155 Dolabellae
1126 3114 1131 3124 ·

61 3192 89 3237 ιι
99 3172 176 3236 baud
191 3174 278 3236 dubie
292 3174 472 3256 principibus
486 3176 616 3254 patronis
637 3174 837 3238 adnumeratus
853 3187 908 3238 est.
950 3175 1037 3237 Certe
1055 3175 1099 3237 Gi·

98 3275 171 3320 cero
186 3257 222 3319 ad
234 3258 368 3338 Brutum,
392 3268 524 3320 oratores
545 3276 731 3339 enumerans,
753 3271 842 3339 negat
864 3281 896 3321 se
916 3260 1033 3338 videro,
1055 3261 1100 3321 cui

97 3341 207 3404 debeat
228 3340 337 3406 (laeter
357 3344 481 3422 cedere,
504 3345 600 3422 aitque
618 3337 688 3403 ‘eum
710 3345 890 3425 elegantem,
922 3343 1099 3425 splendidam

98 3443 216 3507 quoque
239 3435 325 3510 atque
340 3431 424 3491 etiam
440 3428 621 3507 magnificam
636 3437 666 3488 et
685 3446 860 3509 generosam
876 3428 998 3510 quodam
1014 3428 1100 3484 modu
