2286 3862
397 190 504 238 nrvus
522 190 714 239 nucusrus.
1023 178 1064 240 59

60 348 279 426 ordinavitque,
296 352 391 404 motus
408 346 509 406 iniuria
525 347 684 422 senatoris,
703 363 789 424 quem
802 345 931 406 Puteolis
946 364 1001 424 per
1018 365 1064 408 ce·

59 433 231 494 leberrimos
247 428 332 490 ludos
349 445 490 489 consessu
503 430 649 509 frequenti
670 446 755 490 nemo
768 438 935 509 receperat.
973 430 1064 491 Facto

60 519 147 595 igitur
170 515 290 576 decreto
315 521 427 592 patrum
442 521 487 590 ut,
511 517 644 593 quotiens
667 513 735 593 quid
761 513 924 592 spectaculi
944 531 1064 593 usquam

60 599 176 680 publice
191 598 342 674 ederetur,
361 598 470 676 primus
491 597 695 659 subselliorum
712 598 785 659 ordo
806 607 926 658 vacaret
949 607 1063 659 senato·

31 685 153 760 aribus,
169 685 280 745 Romae
296 680 412 758 legatos
427 680 580 742 liberarum
604 684 804 763 sociarumque
823 684 953 760 gentium
974 683 1065 743 vetuit

57 772 87 827 ln
116 766 267 826 orchestra
288 764 408 844 sedere,
437 784 499 825 cum
525 765 663 845 quosdam
685 769 770 828 etiam
796 767 923 827 libertini
944 767 1065 844 generis

58 853 130 910 mitti
158 848 368 928 deprendisset.
413 849 535 910 Militem
559 851 687 909 secrevit
711 868 727 910 a
753 852 873 929 populo.
911 851 1065 912 bleritise
1097 897 1101 901 <

59 933 147 1014 plebe
163 933 300 1012 proprios
317 930 434 992 ordines
446 935 623 1010 assignavit,
638 935 827 1011 praetextatis
840 953 961 995 cuneum
973 953 1063 1011 suurn,

58 1029 87 1078 et
102 1018 262 1096 proximum
279 1015 478 1094 paedagogis,
503 1019 656 1096 sanxitque
672 1027 709 1076 ne
726 1018 790 1095 quis
812 1017 986 1096 pullatorum
1005 1036 1064 1078 me·

16 1122 48 1163 10
58 1103 103 1162 dia
120 1119 210 1163 cavea
225 1099 351 1160 sederet.
374 1100 501 1160 Feminis
515 1120 551 1160 ne
568 1100 748 1178 gladiatores
764 1101 892 1180 quidem,
908 1118 983 1179 quos
997 1117 1065 1181 pro·

56 1188 165 1246 miscue
186 1186 314 1263 spectari
335 1184 478 1244 sollemne
500 1185 568 1245 olim
590 1194 668 1262 erat,
694 1185 749 1246 nisi
776 1203 814 1245 ex
828 1186 982 1263 superiore
996 1184 1065 1245 loco

57 1279 193 1350 spectare
222 1269 378 1328 concessit.
427 1268 505 1329 Solis
530 1268 692 1347 virginibus
718 1269 887 1331 Vestalibus
914 1268 1010 1329 locum
1037 1269 1066 1327 in

57 1356 185 1430 theatro,
202 1353 358 1430 separatim
373 1361 403 1410 et
419 1362 520 1413 contra
535 1355 681 1431 praetoris
696 1352 832 1430 tribunal,
851 1353 938 1413 dedit.
963 1352 1064 1413 Athle-

58 1448 150 1496 tarum
165 1452 237 1494 vero
254 1434 423 1513 spectaculo
439 1436 580 1494 muliebre
595 1454 682 1495 secus
700 1454 783 1495 omne
804 1437 877 1496 adeo
900 1436 1065 1510 summovit,

18 1530 88 1580 aaut
108 1518 322 1599 pontificalibus
345 1516 420 1577 ludis
440 1519 570 1597 pugilum
592 1536 645 1596 par
669 1519 845 1597 postulatum
868 1519 1012 1577 distulerit
1037 1518 1066 1576 in

58 1604 239 1682 insequentis
260 1602 318 1662 diei
346 1603 511 1661 matutinum
536 1612 664 1680 tempus,
698 1601 896 1681 edixeritque,
922 1601 1066 1662 mulieres

59 1696 130 1750 onte
144 1688 254 1748 boram
269 1685 406 1765 quictem
419 1687 525 1747 venire
538 1687 569 1747 io
582 1686 743 1762 theatrum,
761 1705 823 1748 ooo
836 1686 975 1764 placere.
996 1684 1106 1764 Ipscls

59 1775 208 1834 circenses
230 1789 268 1831 ex
284 1771 442 1837 amicorum
461 1772 525 1830 iere
547 1770 775 1848 libertorumque
805 1770 970 1831 coenaculis
997 1787 1064 1848 spe·

59 1858 170 1933 mahat,
195 1855 336 1915 interdum
359 1874 397 1916 ex
420 1856 579 1935 pulvinari,
610 1864 638 1914 et
662 1855 776 1933 quidem
799 1874 862 1915 cum
883 1856 1008 1931 coniuge
1030 1872 1065 1914 ac

17 1941 158 2006 coliberis
180 1938 296 2000 sedens.
336 1940 513 2018 spectaculo
536 1940 674 2019 plurimas
690 1939 794 2015 horas,
813 1938 968 2018 aliquando
985 1947 1065 1998 totos

57 2026 120 2086 dies
135 2023 259 2100 aberat,
286 2025 376 2101 petita
398 2026 483 2084 venia
505 2023 771 2101 commendatisque
793 2026 942 2102 quisnam
968 2023 1064 2083 vicem

57 2106 251 2189 praesidendo
278 2107 477 2184 fungerentur.
524 2110 633 2169 Verum
664 2109 798 2186 quotiens
830 2110 965 2186 adesset,
992 2106 1063 2167 nihil

57 2201 211 2272 praeterea
234 2189 359 2268 egebit,
387 2210 438 2251 seu
458 2191 566 2252 vitandi
591 2194 714 2253 rumoris
741 2210 841 2270 causa,
868 2209 925 2270 quo
952 2200 1063 2271 patrem

58 2276 216 2337 Caesarem
243 2275 332 2352 vulgo
357 2275 567 2354 reprehensum
595 2275 855 2353 commemorabat,
881 2275 960 2355 quod
989 2277 1064 2334 inter

19 2389 48 2428 25
58 2360 246 2440 spectandum
272 2359 406 2439 epistolis
431 2359 597 2439 libellisque
622 2361 756 2438 legendis
783 2369 832 2421 aut
864 2359 1065 2420 rescribendis

56 2453 191 2520 vacaret,
220 2463 272 2504 seu
294 2443 389 2503 studio
414 2444 564 2523 spectandi
588 2463 623 2505 ac
644 2445 811 2524 voluptate,
840 2463 895 2524 qua
916 2443 1010 2503 teneri
1032 2461 1064 2502 se

56 2547 152 2606 neque
170 2527 358 2589 dissimulavit
379 2547 512 2606 umquam
535 2538 565 2589 et
584 2547 674 2608 saepe
695 2531 823 2607 ingenue
838 2529 992 2608 professus
1006 2536 1061 2586 est.

56 2613 157 2690 ltaque
172 2611 327 2673 corollaria
349 2621 378 2672 ct
394 2615 522 2691 praemia
541 2615 570 2672 in
585 2613 687 2673 alienis
710 2631 827 2692 quoque
840 2613 1006 2674 muneribus
1027 2629 1062 2673 ac

56 2696 130 2757 ludis
146 2706 175 2755 et
191 2696 294 2758 crebra
311 2706 340 2756 et
353 2697 472 2773 grandia
490 2697 526 2758 de
547 2714 600 2757 suo
626 2697 783 2774 offerebat,
806 2697 933 2777 nullique
948 2687 1072 2758 Graeco

19 2805 47 2845 so
59 2781 205 2840 certamini
221 2781 364 2858 interluit,
381 2800 439 2860 quo
457 2800 515 2842 non
531 2783 702 2861 promerito
726 2799 869 2861 quemque
893 2782 1062 2841 certantium

57 2865 218 2924 honorarit.
252 2865 404 2943 Spectavit
416 2875 511 2926 autem
527 2865 735 2926 studiosissime
758 2865 874 2945 pugiles
889 2873 918 2925 et
938 2867 1062 2925 maxime

56 2947 189 3023 Latinos,
215 2964 274 3007 non
296 2948 442 3025 legitimos
464 2960 549 3028 atque
571 2950 733 3011 ordinarios
752 2949 855 3028 modo,
878 2967 952 3029 quos
978 2950 1063 3010 etiam

59 3033 237 3091 committere
256 3050 319 3091 cum
337 3031 459 3094 Graecis
474 3033 605 3111 solebat,
630 3033 726 3094 sedet
743 3036 924 3094 cateruarios
942 3032 1062 3113 oppida·

58 3132 127 3192 uos,
143 3116 218 3175 iuter
234 3118 381 3193 angustias
396 3119 527 3178 vicorum
550 3120 703 3197 pugnantis
724 3126 833 3179 temere
854 3137 889 3179 ac
910 3119 974 3178 sine
990 3127 1061 3178 arte.

21 3211 46 3252 as
59 3200 229 3260 Universum
245 3200 368 3279 denique
386 3220 480 3279 genus
496 3218 603 3281 operas
623 3202 733 3281 aliquas
748 3202 867 3282 publico
890 3201 1061 3281 spectaculo

59 3284 256 3360 praebentium
278 3287 362 3346 etiam
385 3305 452 3347 cura
470 3304 521 3346 sua
539 3287 746 3364 dignatusest:
764 3287 881 3348 athletis
898 3296 927 3346 et
943 3303 1060 3346 conser-

57 3371 135 3428 vavit
158 3369 315 3448 privilegia
337 3379 365 3430 et
387 3370 548 3450 ampliavit;
571 3370 750 3448 gladiatores
775 3373 838 3432 sinc
857 3372 997 3431 missione
1013 3369 1061 3429 edi

56 3451 218 3531 prohibuit;
246 3456 455 3515 coercitionem
486 3459 516 3515 in
542 3454 697 3516 histriones
723 3455 955 3536 magistratibus,
983 3454 1060 3514 omni
