2334 3870
523 228 630 278 unco.
1008 221 1066 281 195

70 397 99 447 et
112 396 177 448 ante
188 387 292 448 faciem
304 393 425 467 optento
438 385 553 447 sudario
565 401 672 465 equum
682 385 838 464 inscendit,
848 394 984 465 quattuor
995 387 1067 448 solis

71 472 280 551 comitantibus,
293 470 605 550 interquosetSporus
615 480 686 532 erat.
708 471 1066 549 Statimquetremoreter·

69 575 120 616 rae
128 564 156 616 et
162 555 278 635 fulgure
287 555 413 616 aduerso
428 555 608 634 pavefactus,
622 556 710 617 audiit
723 554 1066 635 eproximiscastriscla-

69 659 178 701 morem
189 643 309 702 militum
322 649 351 699 et
362 639 418 699 sibi
430 638 552 700 adversa
565 649 593 699 et
600 639 709 701 Galbae
720 658 866 721 prospera
873 638 1067 716 ominantiurn,

37 727 153 786 setiam
173 744 210 784 en
230 724 325 786 obviis
342 723 503 784 viatoribus
527 722 667 802 quendam
684 725 841 785 dicentem:
858 723 903 786 itt
914 721 1069 784 Neronem

64 815 306 888 percoquuntur,
322 808 407 868 alium
418 809 630 869 sciscitantem:
646 805 770 887 Ecquid
790 809 823 869 irc
842 808 920 871 arbe
941 807 1017 870 noni
1029 806 1069 867 de

67 891 216 954 Nerone?
237 892 322 972 Equo
337 902 431 953 autem
443 912 480 953 ex
494 893 586 953 odore
599 892 748 954 abiectiin
764 894 810 951 via
828 894 978 953 cadaveris
997 911 1066 952 eon·

67 985 209 1054 sternato,
224 977 339 1037 detecta
353 977 431 1039 lacie
443 979 557 1055 agnitus
569 986 643 1037 esta
662 976 788 1057 quodam
804 978 933 1036 missicio
952 985 1068 1054 praeto·

65 1062 147 1121 riano
161 1061 347 1122 etsalatatusss
382 1062 420 1122 Ut
441 1061 477 1122 ad
494 1061 703 1122 deverticulum
723 1071 839 1122 ventum
858 1070 918 1138 est,
944 1058 1068 1120 dimissis

26 1157 54 1198 ro
66 1145 160 1225 equis,
172 1145 245 1204 inter
257 1145 392 1206 fruticeta
404 1164 438 1206 ec
449 1164 557 1225 vepres
570 1164 623 1226 per
635 1146 817 1208 harundineti
828 1148 958 1206 semitam
975 1161 1067 1223 aegre

64 1247 121 1291 nec
133 1231 186 1289 nisi
199 1238 287 1290 strata
299 1230 352 1289 sub
364 1230 489 1309 pedibus
501 1239 584 1290 veste
605 1231 641 1291 ad
661 1250 795 1292 aversum
818 1232 905 1292 villae
924 1230 1066 1310 parietem

66 1313 169 1374 evasit.
187 1312 230 1372 lbi
242 1312 376 1372 hortante
388 1313 491 1372 eodem
502 1313 641 1389 Phaonte,
654 1324 684 1373 ut
695 1317 808 1373 interim
816 1318 845 1374 in
857 1334 979 1394 specum
993 1332 1065 1390 ege·

66 1407 131 1459 stae
143 1395 270 1455 harenae
284 1395 477 1470 concederet,
490 1397 607 1470 negavit
618 1413 652 1453 cc
668 1397 771 1455 vicum
791 1397 848 1455 sub
872 1404 989 1456 terram
1005 1395 1064 1454 itu·

66 1498 152 1553 rum,
171 1497 205 1539 ac
220 1495 374 1557 parumper
394 1486 600 1553 commoratus,
620 1476 685 1536 dum
704 1477 899 1537 clandestinus
916 1478 952 1537 ad
969 1475 1068 1535 villam

28 1584 57 1627 tc
67 1564 201 1624 introitus
217 1571 377 1640 pararetur,
398 1579 499 1642 aquam
517 1578 554 1619 ex
571 1559 701 1621 subiecta
723 1560 826 1619 lacuna
846 1570 966 1640 poturus
984 1577 1068 1620 manu

66 1647 161 1709 hausit
178 1656 207 1706 et
218 1644 306 1708 Haec
321 1652 381 1723 cst,
405 1648 513 1724 inquit,
531 1642 666 1706 Neronia
687 1645 835 1706 decocto!
856 1644 938 1721 dein,
955 1644 1068 1705 duoles

67 1731 197 1794 sentibus
209 1732 342 1811 paenula,
352 1732 492 1791 traiectos
504 1730 638 1790 surculos
649 1733 728 1790 rasit.
752 1730 849 1809 Atque
860 1731 899 1789 ita
910 1728 1067 1808 quadripes

68 1835 122 1895 per
135 1817 282 1893 angustias
296 1816 423 1877 effossae
439 1833 582 1876 cavernae
593 1824 733 1895 receptus
745 1817 773 1874 in
785 1812 1066 1894 proximamcellam,

68 1899 203 1960 decubuit
215 1918 304 1978 super
315 1900 422 1960 lectum
432 1900 546 1959 modica
559 1900 674 1978 culcita,
687 1909 787 1959 vetere
801 1899 890 1977 pallio
904 1907 1012 1975 strato,
1025 1898 1066 1956 in·

25 1997 56 2038 2⁰
68 1993 223 2053 structum;
248 1984 383 2061 lameque
403 1992 431 2042 et
452 1986 554 2043 iterum
571 1984 618 2043 siti
636 1983 855 2062 interpellante,
883 2000 987 2063 panem
1005 1982 1065 2061 qui·

68 2069 134 2129 dem
152 2066 298 2128 sordidum
316 2066 442 2127 oblatum
461 2076 633 2145 aspernatus
652 2077 713 2145 est,
733 2085 826 2145 aquae
845 2076 939 2126 autem
950 2066 1066 2145 tepidae

68 2153 244 2232 aliquantum
255 2150 335 2210 bibit.
357 2150 438 2212 Tunc
450 2168 507 2210 uno
521 2168 637 2230 quoque
649 2151 716 2211 hinc
728 2151 793 2211 inde
805 2153 928 2212 instante
940 2160 970 2210 ut
982 2153 1109 2230 quam49

67 2237 190 2318 primunr
202 2254 235 2296 se
251 2233 481 2313 impendentibus
501 2234 682 2295 contumeliis
701 2236 839 2315 eriperet,
858 2235 994 2297 scrobem
1018 2248 1066 2293 co·

66 2339 130 2382 ram
144 2321 208 2381 lieri
220 2320 382 2399 imperavit,
399 2319 543 2379 dimensus
555 2319 592 2379 ad
604 2320 739 2398 corporis
753 2321 796 2380 sui
807 2321 969 2398 modulum,
988 2336 1065 2379 com-

22 2423 56 2465 at
67 2407 197 2487 ponique
210 2403 304 2480 simul,
317 2404 341 2463 si
354 2422 411 2483 qua
422 2404 628 2481 invenirentur,
640 2404 731 2465 frusta
743 2406 909 2483 marmoris,
923 2413 951 2465 et
963 2420 1067 2483 aquam

66 2489 152 2552 simul
166 2506 201 2549 ac
213 2488 292 2566 ligna
306 2488 432 2548 conferri
446 2488 573 2550 curando
586 2506 654 2548 mox
666 2488 811 2568 cadaveri,
825 2490 897 2551 flens
910 2488 945 2550 ad
953 2487 1065 2566 singula

66 2584 155 2653 atque
167 2571 322 2633 identidem
334 2572 483 2633 dictitans:
498 2571 610 2647 Qualis
625 2573 745 2652 artifec
758 2577 876 2653 pereo!

128 2656 207 2718 Inter
218 2675 315 2718 moras
333 2658 464 2738 perlatos
477 2675 493 2717 a
506 2677 627 2719 cursore
639 2658 761 2719 Phaonti
780 2659 936 2724 codicillos
956 2660 1064 2738 praeri-

67 2743 129 2823 puit
140 2742 279 2822 legitque,
291 2761 324 2803 se
337 2743 452 2803 hostem
466 2761 482 2803 a
494 2752 594 2804 senatu
607 2742 759 2804 iudicatum
767 2752 795 2803 et
802 2745 911 2823 quaeri,
924 2751 954 2802 ut
967 2744 1064 2822 punia-

22 2835 56 2879 30
66 2837 113 2888 tur
125 2845 211 2888 more
219 2827 381 2903 maiorum,
398 2829 645 2908 interrogavitque
659 2828 744 2908 quale
756 2828 784 2887 id
796 2846 889 2906 genus
901 2835 981 2887 esset
993 2843 1065 2906 poe·

66 2930 138 2981 nae;
153 2921 181 2971 et
194 2930 257 2971 eum
270 2914 474 2990 comperisset,
487 2911 553 2972 nudi
565 2913 688 2973 hominis
701 2914 846 2973 cervicem
858 2912 946 2972 inseri
953 2911 1064 2987 furcae,

68 3014 177 3075 corpus
189 2997 278 3073 virgis
291 2995 326 3056 ad
337 3014 440 3055 necem
452 2995 544 3074 caedi,
559 2999 732 3057 conterritus
740 2995 812 3056 duos
821 2999 976 3076 pugiones,
991 3012 1065 3076 quos

65 3100 167 3145 secum
183 3081 340 3158 extulerat,
358 3079 488 3159 arripuit,
506 3089 701 3160 temptataque
719 3081 865 3162 utriusque
884 3082 947 3142 acie
965 3096 1065 3140 rursus

68 3165 209 3243 condidit,
227 3174 360 3227 causatus
370 3164 505 3228 condam
519 3165 910 3244 adesccfatulembcrcm,·
930 3183 964 3226 ac
976 3163 1063 3224 modo

21 3265 56 3310 cc
67 3253 196 3332 Sporum
208 3251 375 3313 hortabatur
386 3258 415 3310 ut
427 3250 576 3311 lamentari
594 3270 628 3312 ae
647 3251 787 3330 plangere
805 3252 958 3331 inciperet,
977 3248 1064 3311 modo

67 3336 171 3399 orabat
182 3345 212 3397 ut
224 3356 256 3397 se
269 3336 370 3416 aliquis
384 3333 419 3395 ad
430 3345 551 3397 mortem
569 3334 778 3415 capessendam
791 3336 928 3414 exemplo
937 3336 1063 3404 iuvaret:

66 3421 208 3483 interdum
219 3423 372 3500 segnitiem
391 3440 470 3483 suam
486 3420 531 3482 his
548 3421 646 3482 verbis
665 3420 849 3500 increpabat:
870 3418 943 3481 Vico
959 3417 1062 3499 defor-

66 3507 167 3584 miter,
180 3495 429 3586 tcrpitcr*—-od
440 3500 558 3589 πρέπει
566 3499 713 3589 Νέρωνι,
727 3497 769 3568 od
777 3498 934 3650 nptnpp—
942 3495 1065 3586 νήφειν
