2334 3870
212 165 322 215 XCVIII
555 161 762 209 PRAEFATIO.

215 343 241 400 p.
257 332 318 394 319,
334 323 534 382 intruduntur.
568 321 624 376 Nec
639 338 729 393 pauca
744 321 817 392 apud
832 322 920 378 bonos
938 323 1012 378 artis
1027 325 1128 382 docto-

215 425 273 478 res,
290 410 398 463 Festum
416 406 478 461 dico
495 411 523 460 et
538 400 745 478 charisiumt‘),
763 404 893 461 similiter
910 405 1047 464 invenies
1064 426 1128 482 per-

216 494 320 564 scripta
336 499 417 563 atque
438 490 484 544 liic
499 489 666 544 scribuntur.
709 489 851 544 Postremo
876 490 911 545 ad
927 490 1128 550 vindicandam

216 576 296 631 titulo
310 577 427 645 aliquam
440 575 630 630 auctoritatem
641 572 804 642 Hieronymi
820 574 899 628 locus
914 573 965 644 qui
981 576 1020 631 do
1031 575 1128 634 Palae-

216 676 297 714 mone
327 659 443 728 eiusque
465 657 722 728 distinguendorum
742 658 942 714 vocabulorum
963 660 1066 716 studio
1090 669 1127 718 est

217 744 311 798 iacere
328 736 490 815 poterint).

279 826 355 881 Haec
369 825 394 880 si
411 831 489 880 recte
505 826 682 896 inutramquc
699 832 804 896 portem
813 825 954 896 disputata
968 844 1038 883 esse
1051 829 1124 886 vide-

216 911 334 979 buntur,
352 926 420 964 vere
436 909 587 965 Suetonius
607 910 797 978 liomonymica
816 910 954 980 quaedam
973 927 1012 966 ex
1031 912 1125 969 Palae*

216 994 305 1049 monis
336 994 410 1048 libro
443 994 576 1064 decerpta
605 993 633 1046 in
664 993 771 1048 Pratum
797 1009 875 1048 suum
899 992 1017 1064 intulit,
1042 997 1118 1067 idque

217 1084 300 1150 caput
320 1078 461 1148 posterior
482 1077 582 1147 aliquis
604 1076 737 1146 magister
755 1076 906 1148 descripsit
925 1078 1117 1150 similibusque

216 1161 381 1217 dillerentiis
399 1161 543 1215 adauctum
559 1166 587 1213 et
609 1160 853 1217 observationibus
873 1163 1071 1231 grammaticis
1084 1164 1122 1219 di-

215 1245 291 1300 versi
316 1243 429 1314 generis
455 1243 651 1315 interpolatum
670 1244 743 1298 haud
772 1261 839 1300 saue
860 1244 987 1300 feliciter
1007 1248 1123 1320 amplius

215 1330 290 1384 iecit.
328 1328 384 1383 Sed
399 1343 469 1398 quac
487 1328 542 1382 sint
554 1327 684 1398 antiquae
697 1328 888 1399 genuinacquc
903 1328 999 1385 libelli
1019 1337 1125 1403 partes,

215 1430 286 1484 quae
306 1411 444 1482 noviciae,
459 1411 487 1467 id
504 1429 593 1482 nequo
608 1412 691 1468 facile
704 1416 747 1468 est
758 1413 906 1484 explorare
922 1419 953 1467 et
970 1431 985 1469 a
1005 1414 1126 1473 consilio

214 1498 296 1552 liuius
312 1495 444 1552 editionis
456 1496 584 1551 alianum.
618 1496 843 1551 Emendationnm
858 1501 949 1552 aulem
963 1505 1126 1557 nostrerum

215 1587 243 1634 et
268 1580 433 1636 brevissimo
456 1586 485 1634 et
505 1580 725 1636 commodissime
752 1580 886 1635 rationem
908 1581 1084 1655 reddemus,
1104 1585 1125 1640 si

214 1670 343 1719 mutatam
359 1682 373 1719 a
389 1662 470 1718 nobis
489 1664 595 1719 codicis
611 1664 758 1718 lectionem
771 1681 840 1734 quae
859 1663 971 1735 quidem
988 1669 1124 1724 memorio

214 1747 298 1814 digna
312 1747 451 1817 rideatur,
471 1748 517 1803 hic
535 1748 754 1819 apposuerimus.

276 1837 337 1900 307,
352 1838 370 1889 4
387 1840 462 1886 terra
481 1823 486 1909 Ι
506 1836 521 1890 7
534 1833 567 1902 fit
579 1831 690 1885 hortatae
705 1836 736 1885 ut
749 1831 823 1886 dotes
837 1832 997 1888 sacerdotes
1020 1829 1026 1912 Ι
1047 1837 1123 1896 811·

213 1931 295 1972 riores
317 1921 345 1970 ut
363 1916 476 1971 arbores
500 1910 504 1986 Ι
530 1921 564 1974 13
577 1917 667 1985 possit
690 1929 749 1969 esce
765 1914 925 1970 absconsum
943 1933 1014 1973 nam
1035 1913 1123 1976 craml

214 2008 248 2061 18
261 2001 411 2056 lacuduntdct
429 1995 433 2076 Ι
453 2005 485 2057 21
502 2014 571 2069 opus
590 1994 593 2076 Ι
612 2005 645 2056 22
667 1999 740 2070 quod
753 2005 780 2053 et
798 2001 922 2069 animur,
939 2017 1030 2074 supra
1047 2020 1063 2060 s
1078 2006 1123 2062 ad.

212 2085 272 2143 dito
293 2103 319 2139 m
338 2079 342 2159 Ι
362 2090 395 2144 27
419 2085 574 2154 pomerium
596 2084 643 2139 arbi
653 2099 736 2155 poma
760 2077 765 2160 Ι
790 2089 863 2144 2811
886 2099 970 2139 sacer
989 2084 994 2162 Ι
1016 2090 1123 2149 29111

212 2176 277 2224 orriri
295 2164 299 2245 Ι
319 2169 559 2229 3211111111111
584 2161 589 2246 Ι
615 2172 738 2229 361137
757 2168 856 2223 absunt
878 2168 1040 2226 aDitbnori
1057 2189 1123 2246 apc-

233 2272 262 2310 ro
283 2256 329 2310 lio.

212 2271 231 2325 g
265 2273 378 2408 Ρ308,1
404 2339 539 2393 autistitiue
562 2330 568 2414 Ι
593 2343 609 2396 1
630 2341 710 2392 citroli
733 2332 737 2413 Ι
765 2345 796 2394 11
810 2349 892 2391 cenes
906 2337 1009 2418 ficret}
1034 2347 1071 2402 19
1088 2343 1123 2396 ito

211 2425 290 2478 datar
306 2429 331 2476 ct
350 2419 355 2495 Ι
373 2429 408 2478 22
421 2422 609 2476 circumdatur
632 2413 638 2495 Ι
663 2427 697 2477 24
716 2435 810 2473 annito
828 2427 887 2475 notu
906 2413 911 2499 Ι
930 2427 966 2481 30
986 2427 1037 2480 cui
1048 2441 1122 2482 usqe.

278 2549 325 2609 oo)
340 2548 392 2599 cfr.
407 2550 497 2597 Festus
511 2564 532 2598 s.
549 2563 572 2597 v,
584 2549 626 2606 ad,
641 2549 716 2610 apud,
730 2550 857 2610 lacerare,
870 2552 959 2612 lustru,
974 2555 1121 2615 miserans,

209 2623 349 2677 monstrum,
368 2616 513 2674 obsecrare,
530 2630 682 2678 properare,
698 2632 916 2679 supervacaneum,
933 2628 1000 2671 tuor.
1034 2622 1123 2675 chad-

210 2682 242 2733 sll
266 2683 435 2748 comparanda
460 2693 519 2734 sunt
546 2700 576 2734 ea
599 2686 675 2735 verbu
699 2687 792 2750 quibus
814 2703 841 2754 p,
865 2688 898 2738 75
920 2687 948 2738 Ρ.
963 2694 1121 2756 mitteres,

207 2767 234 2816 p.
253 2752 287 2802 85
301 2759 417 2814 pometa,
443 2768 468 2818 p.
488 2754 521 2804 86
539 2755 696 2816 1111111111,
717 2772 743 2822 p.
766 2755 815 2808 100
828 2758 939 2821 plurium
954 2774 989 2808 cn
1008 2764 1121 2823 pteram.

208 2834 232 2884 p.
252 2819 420 2883 1021111111
435 2825 499 2884 ficos
513 2823 628 2875 illustrat.
658 2825 752 2877 Eorum
771 2842 835 2890 quae
851 2842 876 2892 p.
889 2825 948 2887 319,
964 2829 989 2878 7.
1007 2828 1074 2889 320,
1089 2828 1122 2881 30

207 2889 335 2952 leguntur.
355 2893 381 2939 in
390 2892 582 2942 Veronensibus
604 2894 705 2945 scholiis
724 2895 756 2943 ad
774 2896 852 2961 Verg.
872 2896 936 2946 Aen.
960 2896 993 2958 1,
1013 2898 1029 2948 1
1051 2899 1120 2959 118,

209 2957 258 3007 106
277 2959 380 3020 gemina
397 2961 520 3010 invenies.

276 3026 324 3077 llll
349 3028 512 3080 Desideratur
529 3033 555 3080 in
577 3042 663 3083 nostro
682 3035 784 3098 quidem
800 3035 883 3084 libello
907 3032 950 3083 illa
971 3034 1121 3088 differentia

208 3095 365 3144 Palaemonis
385 3099 487 3148 nomine
505 3102 644 3166 nobilitata,
658 3112 683 3153 et
698 3104 747 3153 1111
758 3104 851 3170 legitur
865 3118 889 3168 p.
904 3101 964 3163 319,
983 3103 1026 3156 27.
1071 3105 1120 3157 Sed

208 3172 233 3214 et
250 3163 318 3213 illem
335 3172 359 3213 et
374 3165 440 3215 liano
455 3182 485 3215 ea
503 3170 618 3222 collectio
632 3174 742 3223 servavit
757 3188 820 3236 qnae
839 3171 930 3222 Isidori
940 3169 1031 3233 fertur,
1049 3176 1120 3243 apud
1136 3227 1140 3235 ,

209 3234 344 3282 Arevalurn
363 3242 387 3284 ot
398 3233 580 3288 Gothoirednm
599 3242 709 3307 itemque
727 3243 754 3290 in
763 3241 895 3291 Basiliensi
909 3240 997 3290 codice
1010 3245 1119 3310 scripto.

210 3304 296 3365 ltaque
321 3311 432 3354 nostram
457 3302 612 3372 farraginem
632 3313 676 3374 qui
700 3309 859 3375 compilavit,
882 3322 933 3357 non
950 3309 1119 3373 ignoratione

209 3371 302 3432 omisit,
321 3372 367 3423 sed
380 3372 495 3424 consulto
513 3375 614 3442 prologi
634 3380 714 3429 instet
727 3377 873 3444 praeposuit
891 3377 960 3426 illam
979 3377 1118 3435 Palaemo·

208 3439 247 3488 nis
268 3440 441 3495 differentiam.
