2334 3870
440 212 544 262 DIVUS
560 212 688 263 tauma.
1044 201 1063 261 5

56 374 85 432 in
104 371 247 431 civitatem
267 370 423 446 rogatione
438 365 531 453 Plotia
548 367 691 445 confecit,
715 365 873 445 habuitque
892 375 920 425 et
936 367 1001 446 ipse
1016 385 1062 427 su·

58 473 112 534 per
127 473 161 515 ea
176 473 209 514 re
225 455 396 515 contionem.

121 540 265 615 Quaestor
276 537 376 597 lulium
393 540 505 596 amitam
525 554 705 616 uxoremque
721 533 889 596 Corneliam
912 534 1091 595 deiunctasi

57 622 182 683 laudavit
199 641 215 682 e
231 638 311 683 more
328 639 383 700 pro
400 621 513 681 rostris.
542 620 580 680 Et
600 622 628 679 in
646 623 748 682 amitae
765 618 883 700 quidem
899 617 1063 679 laudatione

29 707 92 770 cde
117 709 179 767 eius
202 725 238 766 ao
259 706 351 784 patris
380 707 422 764 sui
451 713 571 782 utraque
594 706 708 781 origine
736 707 779 764 sic
800 705 907 765 refert:
942 701 1065 764 Amitae

53 808 142 850 meae
159 788 262 849 lulius
273 796 445 850 maternum
457 805 556 869 penus
571 787 611 847 ab
628 788 753 867 regibus
765 795 881 865 ortum,
898 796 1065 868 paternum

56 892 124 934 cum
136 873 198 934 diis
209 872 426 934 inmortalibus
439 873 633 934 coniunctum
647 879 702 932 est.
725 870 806 931 Nam
819 873 859 933 ab
872 871 959 934 Anco
974 870 1062 933 Mar·

56 958 105 1018 sio
120 964 191 1018 suut
205 955 321 1018 Marcii
334 958 451 1038 Reges,
474 975 535 1037 quo
549 957 672 1017 uomiue
690 955 752 1034 fuit
766 963 864 1015 mater
872 981 885 1025 ,·
906 975 927 1016 a
949 955 1065 1019 Venere

53 1039 145 1118 iulii,
171 1043 259 1102 cuius
276 1043 376 1121 gentis
388 1042 515 1120 familia
531 1048 578 1100 est
590 1046 712 1102 nostra.
743 1037 804 1100 Est
816 1058 889 1118 erpo
904 1041 936 1100 ia
955 1058 1066 1118 gauere

15 1154 44 1195 ιο
55 1133 84 1187 et
102 1127 258 1187 sauctitas
280 1144 402 1206 sepum,
425 1127 479 1207 qui
499 1125 667 1204 plurimum
689 1127 770 1186 iuter
786 1123 924 1185 homiues
934 1124 1064 1202 polleat,

55 1217 85 1271 et
96 1212 287 1272 caerimonia
298 1211 441 1286 deorum,
454 1227 583 1290 quorum
594 1210 659 1288 ipsi
671 1211 704 1270 iu
712 1215 869 1289 potestate
878 1215 951 1269 suut
964 1227 1063 1290 repes.

54 1295 87 1355 ln
113 1294 269 1355 Corneliae
294 1304 389 1355 autem
409 1294 505 1355 locum
529 1293 697 1373 Pompeiam
720 1293 801 1355 duxit
824 1295 921 1370 Quinti
943 1294 1065 1373 Pompei

56 1380 162 1453 liliam,
184 1378 216 1438 L.
233 1379 333 1437 Sullae
355 1388 488 1454 neptem;
518 1396 582 1436 cum
607 1396 663 1455 qua
685 1378 789 1438 deinde
807 1379 961 1439 divortium
982 1379 1065 1455 iecit,

58 1462 245 1522 adulteratam
269 1461 404 1538 opinatus
425 1459 561 1520 aPublio
584 1458 705 1535 Clodio,
730 1479 815 1539 quem
836 1465 910 1520 inter
931 1462 1065 1538 publicas

20 1570 48 1611 rs
59 1546 251 1606 caerimonias
268 1553 441 1624 penetrasse
458 1543 493 1603 ad
515 1558 578 1601 eam
599 1542 731 1602 muliebri
747 1553 833 1602 veste
853 1553 911 1602 tarn
928 1552 1066 1603 constans

55 1631 131 1692 fama
147 1637 225 1706 erat,
248 1638 277 1689 ut
296 1637 414 1690 senatus
436 1629 637 1707 quaestionem
659 1627 696 1687 de
712 1627 832 1706 pollutis
850 1626 941 1687 sacris
964 1625 1064 1687 decre·

54 1715 138 1774 verit.
377 1734 380 1740 ’

119 1799 275 1874 Quaestori
296 1799 418 1859 ulterior
440 1799 581 1877 Hispania
604 1797 739 1866 obvenit;
768 1796 817 1857 ubi
843 1815 906 1857 cum
932 1796 1092 1859 mandatu?

56 1884 113 1945 PR.
136 1885 198 1942 iure
225 1883 349 1944 dicundo
381 1892 542 1945 conventus
563 1882 728 1943 circumiret
751 1881 897 1961 Gadisque
923 1883 1064 1960 venisset,

18 1990 45 2033 rt
56 1967 257 2028 animadversa
269 1968 345 2047 apud
356 1968 491 2029 Herculis
502 1968 640 2046 templum
647 1968 746 2044 Magni
755 1967 915 2028 Alexandri
928 1967 1063 2045 imagine,

56 2053 197 2128 ingemuit
212 2060 241 2110 et
258 2055 342 2129 quasi
358 2062 511 2131 pertaesus
534 2053 677 2132 ignaviam
692 2069 791 2129 suam,
815 2051 893 2131 quod
914 2051 983 2113 nibil
998 2050 1064 2112 doru

57 2154 73 2195 a
94 2153 125 2194 se
142 2134 330 2195 memorabile
352 2145 446 2196 actum
462 2146 541 2196 esset
560 2139 589 2196 iu
608 2146 718 2213 aetate,
743 2155 799 2215 qua
823 2139 879 2196 iarn
895 2136 1065 2199 Alexander

58 2218 158 2280 orbem
174 2228 315 2280 terrarum
336 2219 517 2297 subegisset,
541 2221 708 2281 missionem
724 2222 860 2282 continuo
881 2221 1064 2298 efflagitavit,

57 2303 92 2365 ad
113 2303 271 2384 captandas
297 2322 382 2383 quam
408 2305 529 2384 primum
554 2306 694 2366 maiorum
715 2325 811 2367 rerum
836 2305 1011 2365 occasiones
1036 2306 1065 2362 in

17 2389 139 2449 osnrbe.
175 2387 442 2457 animamarum
464 2408 528 2449 eum
550 2392 664 2450 somnio
685 2392 836 2469 proximae
858 2391 954 2449 noctis
985 2390 1066 2468 (uam

58 2476 135 2533 visus
159 2481 221 2533 erat
243 2464 297 2554 pti
320 2455 447 2554 qiieiem
468 2483 598 2554 stuprum
623 2478 706 2560 matri
729 2473 878 2551 intulisse)
900 2473 1066 2534 coiectores

56 2557 93 2618 ad
108 2553 311 2639 amplissimam
333 2577 416 2639 spem
437 2560 644 2637 incitaverunt,
661 2560 810 2620 arbitrium
824 2567 967 2621 terrarum
985 2557 1066 2619 orbis

56 2641 193 2722 portendi
208 2644 449 2732 interpretantes,
467 2645 583 2723 quando
599 2654 708 2721 mater,
735 2663 819 2724 quam
835 2642 993 2704 subiectam
1009 2641 1064 2702 sibi

56 2722 191 2805 vidisset,
208 2729 336 2794 nonalia
353 2738 432 2789 esset
448 2747 531 2808 quam
547 2738 642 2807 terra,
659 2747 734 2808 quae
750 2730 875 2789 omnium
891 2745 999 2807 parens
1014 2727 1063 2787 ba·

17 2823 46 2865 ³⁰
56 2811 184 2871 beretur.
210 2811 366 2874 Decedens
379 2830 452 2890 ergo
468 2824 534 2875 ante
550 2823 664 2892 tempus
681 2815 812 2877 colonias
827 2813 942 2873 Latinas
958 2810 994 2872 de
1012 2830 1092 2890 pe=g

57 2894 144 2955 tenda
167 2898 283 2957 civitate
305 2901 450 2975 agitantes
465 2897 550 2976 adiit,
575 2909 604 2959 et
624 2898 660 2958 ad
679 2898 840 2959 audendum
862 2896 972 2976 aliquid
994 2915 1063 2957 eon·

56 2980 191 3056 uitasset,
217 2981 271 3039 nisi
287 2983 424 3042 consules
441 2984 624 3063 conscriptas
647 2984 675 3042 in
690 2982 821 3046 Ciliciam
841 2983 978 3060 legiones
996 2999 1064 3060 pau·

54 3063 149 3142 lisper
166 3063 562 3144 ob„ul,ipsffletinuissent.

118 3146 183 3208 Neo
200 3167 237 3209 eo
249 3153 346 3211 secius
362 3151 470 3211 maiora
486 3169 555 3212 mox
570 3153 598 3211 in
614 3152 685 3212 urbe
702 3152 818 3214 molitus
832 3160 888 3212 est.
917 3149 1094 3229 Siquidemp

15 3247 44 3290 as
54 3241 122 3295 ante
135 3251 247 3311 paucos
260 3233 322 3296 dies
336 3253 421 3314 quam
433 3236 609 3296 aedilitatem
623 3239 722 3316 iniret,
735 3238 854 3298 venitin
867 3236 1065 3314 suspicionem

55 3318 244 3396 conspirasse
268 3339 331 3381 oum
347 3321 448 3382 Marco
465 3319 574 3382 Crasso
592 3322 753 3400 consulari,
776 3324 844 3382 item
862 3320 965 3382 Publio
984 3317 1065 3379 Sulla

54 3409 84 3462 et
94 3399 126 3461 b.
135 3401 278 3466 Autronio
292 3415 360 3485 post
372 3405 603 3483 designationem
616 3407 785 3468 consulatus
795 3406 919 3468 ambitus
930 3403 1064 3466 condem·

53 3486 145 3565 uatis‚
168 3498 198 3549 ut
220 3490 366 3570 principio
389 3492 455 3550 anui
480 3501 610 3552 senatum
636 3491 838 3572 adorirentur,
866 3501 895 3553 et
916 3488 1066 3552 trucidatis
