2334 3870
116 217 174 283 168
215 231 245 280 a.
262 228 413 278 soanonr
428 227 556 288 nnana.
571 227 619 274 oe
634 226 718 274 uma
735 226 920 277 amanum
936 228 1011 280 me.
1025 232 1064 280 v.

113 389 261 466 legantem
285 391 353 449 item
365 384 525 447 Ciceronis
539 383 748 464 defensionem
761 384 910 447 adomnia
921 382 1021 447 Asini
1034 386 1124 450 Galli

113 472 212 534 libros
238 476 308 534 satis
329 471 477 532 cruditam.
506 469 606 531 Novas
627 471 712 530 etiam
735 478 909 531 commentus
932 479 981 530 est
998 470 1119 533 litteras

113 569 190 635 tres,
207 576 242 619 ac
257 573 376 618 numero
393 564 523 614 ueterum
539 556 620 634 quasi
642 556 764 615 maxime
787 555 964 616 necessarias
984 553 1124 625 addidim-

114 643 150 704 de
173 661 291 722 quarum
314 643 425 701 ratione
447 656 510 699 cum
532 641 662 718 privatus
684 638 777 700 adhuc
800 639 935 700 volumen
959 637 1108 714 edidisset,

113 745 182 788 mox
198 729 336 806 princeps
355 741 413 783 non
436 723 592 784 difficulter
609 725 731 823 optinuit
748 733 778 783 ut
798 725 827 784 in
843 742 897 784 usu
914 738 1023 803 quoque
1038 739 1105 801 pro·
1119 739 1133 779 a

114 812 223 872 miscuo
239 818 346 870 essent.
378 807 468 869 Extat
496 809 562 869 talis
584 809 727 888 scriptura
750 810 779 867 in
802 808 954 888 plerisque
974 805 1053 867 libris
1075 823 1113 866 ac

114 896 222 955 diurnis
238 894 387 973 titulisque
405 911 534 972 operum.

71 987 105 1040 42
173 978 238 1039 Nec
266 982 376 1039 minore
403 996 471 1038 cura
498 977 610 1038 Graeca
632 976 723 1039 studia
751 986 870 1038 secutus
896 986 960 1056 est,
989 995 1120 1039 amorem

114 1066 377 1144 praestantiamque
392 1061 508 1138 linguae
525 1063 683 1122 occasione
698 1064 773 1122 omni
790 1062 953 1142 protessus.
998 1060 1120 1124 Cuidam

113 1147 238 1207 barbaro
256 1147 368 1207 Graece
390 1162 424 1203 ac
447 1145 545 1204 Latine
567 1145 722 1207 disserenti
746 1144 821 1207 Cam
840 1153 988 1227 mboque,
1014 1148 1151 1227 inquit,n

112 1248 253 1291 sermone
272 1236 380 1289 nostro
399 1227 445 1287 sis
464 1235 621 1306 paratas‚·
645 1240 674 1290 et
695 1233 724 1290 in
741 1231 968 1292 commendanda
984 1232 1119 1311 patribus

114 1315 288 1394 conscriptis
300 1312 428 1390 Achaia,
445 1320 571 1392 protam
582 1313 644 1375 sibi
654 1315 850 1393 provinciam
864 1317 1119 1377 aitcommaninm

112 1398 284 1461 stadiorum
304 1398 507 1470 commercio,·
531 1418 566 1460 ac
581 1418 671 1479 saepe
688 1401 717 1459 in
733 1408 834 1461 senatu
848 1400 956 1478 legatis
971 1411 1119 1481 perpetua

114 1487 246 1546 oratione
264 1481 424 1563 respondit.
447 1484 565 1545 Multum
583 1502 655 1544 vcro
678 1503 731 1564 pro
753 1484 888 1546 tribunali
906 1485 993 1545 etiam
1008 1484 1117 1546 llome-

112 1571 182 1630 ricis
197 1568 313 1630 locutus
331 1577 377 1628 est
391 1569 534 1629 versibus.
566 1570 706 1644 Quotiens
724 1568 838 1648 quidem
853 1567 968 1629 hostem
982 1570 1036 1629 vel
1051 1570 1148 1630 insi-1⁵

113 1653 253 1715 diatorem
279 1653 353 1713 ultus
384 1662 479 1731 esset,
514 1654 675 1714 excubitori
700 1653 813 1714 tribuno
837 1655 952 1732 signum
972 1652 1013 1715 de
1035 1670 1116 1715 more

113 1739 246 1837 poscenti
261 1755 318 1797 non
333 1746 443 1796 temere
458 1737 534 1797 aliud
549 1737 642 1833 dedit,
660 1756 757 1817 quam:

164 1810 284 1901 ’‘'Ando
308 1809 566 1899 ἀπαμύνασθαι,
587 1810 642 1882 ότε
659 1841 709 1895 τις
724 1815 885 1904 πρότερος
904 1815 1090 1925 potestqvp.

171 1905 303 1983 Denique
316 1913 346 1964 et
357 1904 485 1965 Graecas
498 1906 616 1984 scripsit
627 1905 772 1986 historias,
785 1905 988 1983 Tyrrhenicon
1001 1909 1110 1986 viginti,

114 1988 372 2051 Carchedoniacon
399 1999 477 2050 octo.
522 1990 647 2066 Quarum
680 2010 767 2052 causa
793 1993 885 2052 veteri
916 1990 1139 2056 Alexandnnn

96 2064 228 2155 {husim
241 2073 364 2133 additum
376 2092 413 2134 ex
425 2076 517 2153 ipsius
528 2077 657 2146 nomine;
678 2077 890 2155 institutumque
902 2083 935 2149 ut,
946 2085 1022 2155 quot
1036 2078 1113 2137 aunis

95 2160 139 2219 *in
156 2157 247 2220 altero
262 2158 462 2233 Tyrrhenicon
478 2158 559 2237 libri,
576 2162 604 2219 in
625 2161 717 2222 altero
735 2159 995 2222 Carchedoniacon
1013 2160 1112 2222 diebus

113 2245 224 2305 statutis
248 2243 327 2303 velut
353 2244 382 2302 in
410 2244 551 2306 auditorio
575 2247 767 2306 recitarentur
790 2247 842 2305 toti
866 2263 883 2304 a
910 2243 1036 2322 singulis
1061 2263 1113 2325 per

111 2348 205 2390 vices.

69 2417 103 2473 43
176 2413 234 2473 Sub
253 2415 332 2473 exitu
346 2414 422 2472 vitae
437 2413 520 2489 signa
535 2413 689 2493 quaedam,
705 2431 761 2472 nec
778 2413 919 2488 obscura,
934 2412 1140 2491 paenitentiam

1 2509 3 2516 ’
111 2496 148 2556 de
165 2498 343 2557 matrimonio
360 2496 540 2575 Angppinae
556 2497 650 2577 deque
665 2496 792 2557 Neronis
807 2497 964 2576 adoptione
980 2495 1110 2557 dederat.

111 2580 273 2657 Siquidem,
301 2581 589 2640 commemorantibus
613 2580 726 2642 libertis
745 2599 780 2641 ao
806 2580 986 2642 laudantibus
1010 2581 1109 2660 cogni·

109 2663 232 2739 tionem,
263 2680 319 2740 qua
349 2662 441 2743 pridie
467 2664 606 2742 quandam
630 2665 762 2725 adulterii
792 2683 871 2726 ream
893 2663 1109 2742 condemnarat,

109 2744 172 2806 sibi
187 2764 307 2826 qnoque
320 2746 351 2806 in
363 2745 442 2824 sotis
458 2765 526 2808 csse
539 2751 657 2809 iactavit
671 2750 775 2810 omnia
788 2748 962 2828 impudica,
978 2749 1037 2810 sed
1048 2766 1111 2811 aaa

109 2830 259 2928 impunita
271 2831 490 2902 matrimonia;
513 2841 542 2892 et
560 2831 680 2893 subinde
704 2833 819 2894 obvium
839 2833 893 2894 sibi
913 2833 1142 2897 Britannicumst

110 2916 198 2976 artius
221 2916 392 2994 complexus
413 2917 542 2977 hortatus
559 2927 619 2994 est,
644 2925 680 2979 nt
693 2924 846 2982 cresceret
860 2918 1075 2998 rationemque
1089 2934 1111 2978 a

111 3019 145 3061 se
160 3000 290 3061 omnium
306 2999 463 3098 sactorum
482 3003 659 3108 acciperem
681 3002 822 3065 Graeca
813 3020 933 3082 insuper
948 3020 1026 3064 voce
1042 3020 1109 3082 pro·

111 3094 242 3147 secutus:
266 3072 426 3166 ὁτρώσας
441 3080 542 3148 καὶ”
509 3100 644 3149 ιασεται.
679 3087 807 3167 Cumque
823 3086 931 3168 impubi
946 3095 1109 3167 teneroque

111 3171 218 3248 adhuc,
243 3169 354 3249 quando
373 3179 481 3232 statura
497 3175 692 3251 permitteret,
715 3182 812 3251 togam
835 3171 905 3232 dare
922 3170 1106 3249 destinasset,

111 3255 231 3315 adiecit:
267 3253 307 3316 Ut
320 3253 442 3315 tandem
461 3258 597 3334 populns
612 3257 651 3318 tt.
673 3274 777 3318 oerum
796 3254 1139 3321 anacronismum

67 3339 175 3401 ilNon
190 3339 337 3419 multoque
355 3348 423 3417 post
444 3347 642 3402 testamentum
660 3343 745 3402 etiam
767 3342 940 3420 conscripsit
960 3357 997 3400 ac
1015 3341 1107 3418 signis

112 3422 234 3483 omnium
243 3426 458 3502 magistratuum
470 3423 643 3502 obsignavit.
658 3426 740 3487 Prius
752 3427 838 3504 igitur
851 3443 936 3505 quam
949 3423 1023 3486 ultra
1037 3441 1106 3504 pro·

110 3506 299 3587 predaretur,
316 3519 492 3588 praeventus
505 3519 549 3570 est
563 3509 599 3569 ab
610 3508 792 3590 Agrippina,
806 3528 889 3590 quam
903 3517 1021 3590 praeter
1032 3508 1106 3570 haec
