2286 3862
49 2476 76 2518 de
88 2475 149 2519 Viris

37 2527 165 2571 illustribus.

176 231 224 280 011
514 224 722 272 PRAEFATIO.

178 390 259 447 tariis
276 392 448 444 contractum
463 384 596 440 historiis
612 389 666 454 6,7
683 399 744 454 sqq.
758 381 894 451 inseruit,
912 382 993 439 haec
1011 384 1101 440 verba

178 473 356 549 praeposuit:
379 468 474 525 ‘Hanc
495 468 642 524 historiam
659 466 808 522 Suetonius
823 465 1015 538 Tranquillus
1039 469 1088 540 ple

178 559 292 614 nissime
316 554 471 627 explicuit,
496 553 574 607 cuius
599 569 650 608 nos
674 555 864 623 competentes
893 550 1102 623 portiunculas

179 639 398 712 decerpsimus'.
444 637 547 693 Eadem
565 638 653 692 verba
669 636 769 690 Paulus
787 634 930 691 Diaconus
953 633 987 690 in
1002 634 1100 692 Bisto-

178 726 247 782 riam
263 741 340 779 suam
356 723 510 778 miscellam
528 721 637 792 recepit
657 720 789 789 multique
807 719 969 790 scriptores
986 720 1102 777 mediae

180 807 279 865 aetatis
308 806 517 879 repetiverunt,
545 806 634 859 donec
658 822 682 860 a.
713 808 781 862 1544
805 802 945 859 Robertus
973 803 1102 876 Stepha-

179 909 230 948 nus
261 893 333 945 hanc
363 889 473 944 scilicet
503 883 688 961 ‘Eutropii⁹⁹)
719 887 858 959 epitomen
890 887 965 943 belli
997 886 1103 946 Gallici

181 993 217 1032 ex
238 974 365 1030 Suetonii
395 972 549 1044 Tranquilli
573 971 756 1027 monumentis
779 987 850 1042 quse
869 971 1103 1030 desiderantur’

180 1065 311 1132 separato
333 1057 431 1113 libello
449 1058 563 1124 ederet,
589 1072 669 1126 quam
685 1055 858 1127 posteriores
880 1056 1015 1112 nonnulli
1041 1073 1102 1113 cum

181 1143 359 1199 Caesarianis
387 1140 591 1195 commentariis
622 1140 833 1195 coniunxerunt.
877 1137 980 1209 Neque
1007 1141 1105 1199 minus

181 1226 314 1283 Sidonius
329 1223 503 1297 Apollinaris
519 1223 700 1294 epistolarum
715 1229 749 1295 9,
767 1230 816 1293 14,
833 1223 880 1280 ubi
896 1222 1103 1283 difficillimum

180 1329 239 1368 rem
250 1327 314 1366 esse
328 1309 368 1365 sit
381 1307 444 1362 Iulii
453 1306 584 1363 Caesaris
596 1307 693 1364 laudes
711 1308 868 1376 celebrare,
884 1323 949 1362 cum
957 1308 1038 1365 hirii
1053 1327 1102 1367 vo-

180 1395 294 1464 lumina,
310 1392 409 1466 ‘opera
426 1391 579 1461 Suetonii',
590 1391 703 1447 iuvenci
717 1391 852 1448 Martialis
864 1390 1003 1462 historia,
1021 1395 1105 1452 Balbi

182 1478 340 1552 ephemeris
351 1471 397 1550 ¹⁰⁰)
419 1476 503 1531 lando
523 1475 789 1547 adaequassent,
817 1475 959 1531 bellorum
984 1483 1015 1533 et
1040 1479 1103 1552 ipse

181 1560 465 1634 scriptoremvidetur
477 1560 640 1616 Suetonium
654 1559 869 1615 existimavisse.
903 1558 1022 1625 Quodsi
1040 1565 1103 1635 quit

182 1650 313 1718 quaerat,
339 1661 393 1717 quo
410 1645 492 1700 modo
507 1650 561 1699 tam
579 1644 667 1715 turpis
683 1660 764 1699 error
784 1643 853 1699 oriri
870 1646 1025 1714 potuerit,
1047 1648 1103 1704 lroc

181 1729 247 1785 mihi
271 1730 391 1784 omnium
405 1727 524 1784 maxime
543 1727 696 1821 probatur,
720 1734 750 1782 ut
771 1727 896 1784 codicum
918 1731 1104 1798 quorundam

183 1812 415 1870 caesarianorum
430 1811 569 1884 principio
584 1811 787 1883 praescriptum
805 1812 893 1867 fuisse
908 1818 1012 1910 putem
1031 1815 1124 1875 Sne-
1127 1822 1130 1831 '

181 1897 252 1954 tonii
268 1898 313 1953 vel
329 1897 468 1966 integrum
482 1894 580 1949 Divum
594 1894 692 1949 lulium
708 1897 753 1950 vel
771 1913 832 1950 eum
848 1897 940 1951 locum
957 1897 1010 1968 qui
1027 1899 1121 1956 iniral

181 2000 209 2054 p.
225 1987 278 2048 24,
298 1987 331 2038 21
353 1981 388 2035 de
409 1978 614 2036 commentariis
636 1977 734 2034 Gallici
757 1979 905 2050 civilisque
926 1979 1003 2037 belli
1021 1982 1105 2040 Pom-

181 2065 275 2138 peiani
299 2064 412 2134 legitur.
457 2064 498 2118 lta
521 2063 582 2117 lieri
600 2063 706 2135 potuit,
735 2069 765 2117 ut
783 2063 910 2119 Suetonii
938 2069 1106 2123 nomenis

182 2148 323 2222 principio
344 2146 554 2218 grandibusque
576 2147 680 2202 litteris
703 2147 836 2219 scriptum
856 2162 908 2218 pro
930 2147 1022 2206 titulo
1039 2153 1106 2207 uni-

182 2235 259 2288 versi
275 2231 404 2303 corporis
419 2233 579 2287 haberetur.
606 2231 735 2287 Ceterum
746 2233 792 2287 vel
808 2238 872 2304 post
888 2237 1007 2290 renatss
1023 2236 1106 2292 litte-

183 2334 230 2373 ras
248 2317 338 2372 eidem
353 2315 444 2371 errori
463 2316 649 2372 obstrinxisse
666 2332 697 2371 se
712 2316 880 2371 Ludovicum
896 2316 1106 2392 nescioquem

186 2401 340 2458 Caduccum
364 2400 497 2469 cognovi.

249 2484 323 2539 Satis
346 2490 426 2538 nctus
451 2489 494 2537 est
517 2481 629 2536 libellus
659 2482 699 2537 de
723 2482 822 2537 Viris
856 2483 1109 2558 illustribus,

186 2570 232 2640 qui
254 2567 338 2623 hodie
354 2565 486 2620 Andreae
505 2565 612 2619 schotti
636 2565 803 2621 auctoritate
825 2572 853 2621 et
874 2569 1009 2638 exemplo
1038 2588 1107 2628 cum

184 2650 302 2707 Aurelio
317 2648 433 2704 Victore
457 2649 501 2703 edi
524 2648 612 2712 solet;
637 2665 688 2704 nee
705 2649 773 2705 latet
789 2656 917 2722 quantum
937 2649 963 2706 is
983 2656 1106 2726 negotii

185 2735 275 2792 doctis
298 2731 455 2787 hominibus
479 2733 627 2788 creaverit.
673 2732 778 2805 Scripti
806 2734 876 2790 enim
901 2734 969 2790 libri
997 2753 1107 2795 omnes

184 2817 300 2872 Plinium
317 2821 458 2872 auctorem
477 2816 681 2886 demonstrant,
707 2819 779 2873 hunc
802 2820 861 2873 iere
882 2817 992 2875 titulum
1010 2838 1104 2892 prae.

186 2901 323 2956 forentes:
348 2899 410 2956 Gaii
424 2901 508 2956 Plinii
525 2901 645 2957 Secundi
658 2905 776 2957 oratoris
796 2902 961 2958 Veronensis
977 2904 1013 2959 de
1031 2910 1107 2963 uiris

183 2983 331 3041 illustribus
346 2984 412 3040 liber
430 2985 490 3041 sive
506 2985 618 3041 libellus.
660 2988 760 3042 Verum
777 2988 879 3058 exigua
895 2993 938 3041 est
954 2987 1106 3048 librorum

184 3067 353 3138 auctoritas,
376 3085 435 3125 cum
459 3071 496 3127 ita
518 3078 646 3126 recentes
673 3087 767 3126 omnes
791 3071 894 3127 sictut
914 3087 949 3125 ne
978 3074 1014 3129 ad
1032 3075 1103 3132 Xlll

187 3184 383 3200 nnn-‘⁸‘—

251 3233 297 3298 99)
317 3232 432 3299 Eutropii
449 3236 514 3282 enim
534 3235 635 3283 nomine
657 3236 698 3285 illo
718 3244 830 3302 tempore
851 3235 963 3285 Miscella
984 3237 1104 3291 historie

183 3307 256 3360 secli
274 3301 505 3355 circumferebatur.

254 3374 316 3440 100)
344 3371 415 3424 Balbi
442 3371 628 3438 ephemeridem
650 3374 754 3425 Carolus
776 3373 921 3438 Nipperdey
944 3389 971 3438 p.
998 3375 1036 3426 36
1066 3379 1101 3429 de

184 3455 272 3498 octavo
290 3445 349 3496 belli
367 3442 452 3494 Gallici
474 3441 535 3492 libro
556 3443 689 3509 intelligit,
714 3443 757 3508 qui
775 3442 837 3491 liber
855 3442 887 3490 ad
902 3443 1010 3493 Balbum
1031 3447 1100 3498 mis·

184 3531 228 3567 sus
248 3524 293 3566 est.
