2334 3870
119 177 176 239 too
204 191 232 240 c.
251 190 401 239 sunnoru
418 188 547 249 nonne.
560 189 607 236 nn
625 188 707 236 v1nn
725 187 912 239 cmsnnon
928 192 1002 239 nne.
1015 192 1081 241 mn.

115 345 324 417 educabantur;
350 364 419 407 mcx
438 345 526 406 lucio
550 342 652 405 Cassio
681 343 814 425 longino
839 346 991 409 consulari
1021 348 1118 411 conlo

114 439 208 491 catam
224 430 343 492 abduxit
361 439 391 491 et
413 431 441 489 in
461 428 575 489 modum
598 430 692 489 iustae
714 430 813 490 uxoris
828 429 981 509 propalam
1001 431 1119 504 lnabuit;

112 513 251 576 heredem
267 532 381 597 quoqne
396 514 538 574 bonorum
553 521 638 593 atque
653 513 769 592 imperii
791 528 876 591 aeqsr
892 514 1026 575 instituit.
1060 517 1120 579 Ea·

112 599 178 661 dena
194 600 341 677 defuncta,
370 599 507 658 iustitium
527 597 643 677 indixit,
674 599 703 657 in
724 614 782 679 quo
805 598 901 659 rislam
917 598 1029 661 lavisse
1047 619 1118 662 cae·

111 702 198 746 nasse
214 703 277 747 curu
292 683 460 764 parentibus
482 691 531 743 ant
548 683 672 760 coniuge
691 681 832 744 liberisue
850 683 952 762 capital
965 684 1028 744 init.
1065 684 1143 744 Ace

111 770 252 832 maeroris
267 769 436 848 impatiens,
467 785 530 827 cum
550 776 672 847 repente
687 775 776 828 noctu
794 768 974 847 profugisset
987 767 1024 829 ab
1038 768 1115 829 urbe

111 854 426 932 transcucurrissetque
444 849 645 932 Campaniam,
665 851 829 928 Syracusas
846 853 934 931 petit,
959 870 1120 933 rursusque

110 934 177 997 inde
203 955 332 1018 propere
355 937 456 1015 rediit,
484 936 573 999 barba
597 935 763 1017 capilloque
791 937 955 1015 promisso;
981 954 1040 997 nec
1062 955 1118 997 um-

150 1038 195 1083 am
214 1032 316 1102 postca
331 1023 566 1103 quantiscumque
582 1021 619 1081 de
634 1020 740 1099 rebus,
772 1039 811 1081 ne
826 1038 882 1100 pro
899 1022 1039 1082 contione
1059 1022 1114 1101 qui·

110 1105 590 1269 ttleitilamma
606 1104 1144 1269 tiittttitlt‘iitlii¹·

108 1273 227 1350 dilexit,
260 1282 290 1333 ut
310 1291 381 1353 quas
402 1292 493 1354 saepe
510 1274 636 1334 exoletis
659 1273 719 1335 suis
733 1276 942 1354 prostraverit3
971 1292 1030 1356 quo
1051 1274 1117 1335 iaci·

107 1357 163 1418 lius
182 1359 279 1418 casin
297 1375 385 1420 causa
401 1358 507 1420 Aemili
525 1359 627 1439 lepidi
649 1359 854 1420 condemnarit
867 1359 951 1440 quasi
973 1358 1118 1421 adulterat

109 1450 138 1503 et
154 1441 319 1504 insidiarum
331 1444 470 1505 adversus
482 1462 515 1506 se
531 1445 665 1506 conscias
677 1446 715 1504 ei.
732 1442 797 1504 Nec
809 1443 904 1504 solum
918 1442 1119 1523 chirographa

109 1529 248 1606 omnium,
291 1531 431 1609 requisita
456 1530 559 1591 iraude
584 1548 618 1590 ac
646 1537 765 1609 stupro,
796 1528 975 1607 divulgavit,
1010 1526 1066 1591 sed
1091 1535 1142 1589 eto

108 1621 169 1672 tres
184 1612 300 1690 gladios
313 1615 342 1673 in
357 1632 460 1674 necem
474 1632 554 1675 suam
570 1622 761 1693 praeparatos
776 1612 860 1676 llarti
874 1612 990 1692 Ultori,
1020 1612 1115 1676 addito

108 1696 224 1775 elogio,
254 1699 448 1759 consecravit.

66 1787 99 1841 25
169 1780 348 1841 Matrimonia
373 1782 552 1841 contraxerit
572 1784 683 1861 turpius
709 1801 745 1844 an
761 1782 901 1843 dimiserit
918 1801 957 1844 an
977 1784 1114 1861 tenuerit,

107 1880 165 1922 uon
181 1872 226 1922 cst
240 1863 328 1923 facile
348 1862 528 1924 discernere.
571 1865 679 1925 liviam
703 1864 1044 1930 cruciamentum
1067 1885 1114 1929 nn·

106 1947 236 2022 bentem,
270 1947 395 2008 eumad
421 1947 548 2009 cilicium
578 1957 608 2009 et
634 1950 700 2030 ipse
724 1954 869 2031 venisset,
900 1951 937 2014 ad
959 1971 993 2013 se
1014 1950 1144 2015 deducio

106 2030 274 2109 imperavit,
305 2033 438 2112 intraque
468 2051 579 2112 paucos
609 2034 672 2096 dies
702 2037 882 2118 repudiatum
910 2035 1030 2121 biennio
1053 2042 1118 2118 post

105 2113 266 2193 relegavit,
301 2117 379 2197 quod
395 2119 543 2197 repetisse
565 2137 646 2180 usum
667 2121 774 2201 prioris
790 2123 884 2183 mariti
902 2130 1040 2203 tempore
1061 2138 1117 2182 ms·

107 2198 154 2258 dio
171 2198 332 2261 videbatur.
367 2201 428 2263 Alii
442 2204 568 2282 tradunt,
593 2203 748 2267 adhibitum
764 2223 874 2268 caenae
888 2205 1020 2286 nuptiali,
1042 2223 1117 2268 man·

107 2282 192 2345 dasse
207 2285 243 2346 ad
256 2285 391 2350 Pisonem
407 2297 508 2349 contra
527 2290 760 2352 accumbentem:
783 2288 859 2354 Noli
871 2308 1005 2353 osorem
1017 2307 1118 2353 mecm

103 2372 264 2448 premere!
291 2374 444 2456 statimque
462 2393 480 2434 e
496 2375 630 2435 convivio
647 2374 803 2437 abduxisse
817 2394 917 2438 secum
931 2393 970 2437 ac
981 2376 1148 2456 proximos

105 2453 152 2514 die
169 2455 312 2534 edixisse,
342 2458 571 2520 matrimonium
584 2457 648 2520 cidi
659 2467 815 2540 repertum
836 2460 979 2541 templo
993 2457 1121 2523 llortoli

104 2543 135 2597 et
148 2534 289 2618 dequesti.
324 2541 445 2604 Lolliam
460 2542 624 2621 Paulinam,
656 2543 688 2605 C.
704 2544 839 2608 llemmlo
862 2544 1011 2607 consulari
1033 2562 1117 2607 exer·

105 2621 178 2679 citus
193 2626 308 2700 regenti
328 2637 460 2706 nuptam,
488 2629 566 2689 iacta
580 2632 728 2690 mentione
745 2633 829 2691 ariae
844 2633 907 2692 eius
921 2638 955 2691 ut
971 2629 1118 2711 qnondam

102 2703 333 2786 pulcherrimae,
363 2712 459 2772 subito
484 2731 523 2773 cx
545 2714 697 2792 prouincia
718 2717 857 2776 evocarit
884 2733 920 2777 ac
945 2714 1118 2796 perductam

101 2792 241 2850 amaritc
267 2795 415 2855 coniunxit
440 2794 510 2875 sibi,
544 2796 686 2878 brevique
707 2802 824 2862 missam
843 2800 932 2879 iecit,
959 2798 1149 2861 interdietoto

103 2873 268 2954 cuiusquam
283 2878 311 2937 in
328 2890 500 2962 perpetuum
524 2882 612 2943 coitu.
658 2882 832 2946 Caesoniam
851 2902 949 2965 neque
973 2885 1054 2947 facie
1076 2884 1116 2943 in·

103 2957 177 3036 signi
195 2977 290 3038 neque
307 2974 403 3027 aetate
417 2968 532 3046 integra
554 2976 733 3050 matremque
747 2972 803 3031 lam
823 2987 862 3031 ex
875 2968 935 3030 ulio
949 2970 1016 3030 viro
1032 2968 1118 3029 trium

101 3042 238 3117 siliarum,
269 3048 322 3107 sed
334 3048 466 3113 luxuriae
487 3071 522 3114 ac
538 3053 676 3115 lasciuiae
699 3055 846 3135 perditae,
869 3062 899 3114 et
920 3052 1073 3115 ardentius
1088 3059 1118 3113 et

102 3130 278 3190 constantius
300 3138 418 3215 amavit,
440 3146 471 3199 ut
493 3157 583 3219 saepe
606 3139 730 3200 clamide
746 3140 886 3221 peltaque
908 3147 939 3221 eq
957 3137 1048 3217 palea
1069 3154 1117 3199 or·

100 3222 194 3275 natam
225 3233 260 3276 ac
290 3218 366 3279 iuxta
396 3221 611 3303 adequitantem
638 3224 774 3286 militibus
802 3223 982 3301 ostenderit,
1013 3222 1150 3284 amicitas

99 3314 171 3397 vero
203 3301 287 3361 etiam
317 3303 435 3376 nudam;
466 3312 570 3371 uxorio
599 3313 715 3373 nomine
738 3310 758 3348 i
786 3308 921 3389 dignatus
951 3316 998 3369 est
1029 3324 1116 3389 qnam

100 3397 228 3462 enixam,
259 3405 315 3449 nuo
338 3398 423 3470 atque
440 3393 545 3455 ecdem
560 3395 607 3456 die
630 3398 783 3476 professos
800 3403 831 3457 et
844 3395 978 3457 maritum
998 3410 1033 3454 se
1051 3392 1116 3453 eius

100 3472 129 3522 et
154 3478 266 3547 patrem
299 3474 415 3537 iniantis
444 3496 481 3539 ex
507 3498 543 3541 ea
566 3489 661 3544 natae.
705 3482 848 3544 lniautem
870 3489 985 3560 autem,
1009 3478 1116 3541 lunen
