2334 3870
205 226 209 234 ι
239 162 513 212 nurnnurronuu
534 164 714 212 nuunonun
733 161 931 224 uuurourau.
1025 147 1081 210 311

89 321 169 399 cipit.
197 317 307 377 Dicitur
322 326 416 376 autem
431 315 579 396 pulvinus,
595 317 706 377 dicatur
720 333 845 377 necesse
863 324 907 376 est
922 315 1087 393 cervicalis,

89 414 119 463 ut
135 401 307 462 cubicularis
321 400 495 460 tricliniaris.

152 484 314 562 Pugillares
333 501 368 543 an
384 483 549 562 pugillaria]
565 480 629 544 Nec
646 484 799 562 pugillaria
822 500 878 543 nec
894 481 1019 562 pugillar
1030 482 1086 543 dici

89 569 218 648 potest*
233 568 332 643 aliter,
354 570 419 645 quia
444 570 592 645 proprium
616 585 719 628 nomen
742 576 786 628 est
801 567 883 627 huius
898 568 941 626 rei
960 566 1086 644 codices,

68 653 155 714 sindc
178 670 231 730 per
254 651 468 710 diminutionem
489 649 632 728 codicilli,
654 661 685 711 ut
706 660 773 731 puta
798 650 925 712 codicilli
947 649 1087 727 triplices.

91 737 146 815 [sic
169 736 300 796 dicuntur
324 734 465 812 codicilli,
489 734 516 793 id
541 743 586 794 est
604 737 669 813 quia
683 744 740 795 tam
755 738 837 815 parvi
854 743 919 794 sunt
932 741 962 793 ut
976 731 1088 811 pugillo

89 821 183 878 teneri
198 818 319 896 possint.
353 817 457 878 Cicero
476 835 592 897 quoquc
614 818 731 878 libellos
752 837 824 898 quos
840 819 938 898 plures
958 819 987 876 in
1006 833 1090 876 mauu

91 901 216 962 habehat
230 901 355 961 vocabat
367 902 550 982 pugillares]

152 984 229 1045 luter
240 985 329 1044 decus
341 994 369 1045 et
380 986 481 1066 decor]
495 985 584 1046 decus
597 994 641 1045 εει
652 985 757 1063 gloria,
765 984 855 1045 decor
861 984 963 1045 lorma.
977 985 1089 1046 Utrum·

56 1080 148 1147 itque
169 1070 298 1146 genitivo
323 1087 389 1130 casu
413 1070 600 1147 discernitur,
622 1087 686 1130 nam
708 1069 785 1148 quod
806 1070 917 1129 virtutis
932 1067 1021 1127 decus
1037 1077 1089 1145 est,

91 1154 262 1231 corripimus
278 1172 295 1214 ο
311 1162 339 1213 ει
354 1153 473 1213 dicimus
487 1155 577 1215 decus
593 1153 721 1233 decoris,
747 1153 823 1233 quod
844 1153 965 1231 formae,
984 1150 1089 1231 produ·

93 1237 181 1293 cimus
197 1246 226 1294 et
241 1237 359 1294 dicimus
371 1236 461 1296 decor
476 1238 600 1299 decoris.

155 1317 232 1374 luter
250 1317 317 1374 mihi
340 1326 368 1374 ει
389 1320 444 1394 mi]
471 1330 621 1396 utrumque
642 1337 803 1397 pronomen
819 1329 878 1398 est,
900 1321 952 1381 sed
968 1320 1090 1381 alterum

93 1399 254 1458 invocantis
275 1398 395 1458 alterum
417 1404 579 1476 poscentis;
596 1401 715 1460 dicimus
728 1406 803 1460 enim
819 1420 836 1462 o
853 1406 890 1461 mi
908 1413 1007 1482 pater,
1027 1418 1090 1462 cum

58 1484 280 1557 ieiuvooamus,
304 1488 333 1540 et
350 1480 469 1540 dicimus
486 1481 520 1540 da
534 1481 616 1558 mihi,
633 1501 696 1541 oum
710 1486 887 1581 poscimus.

156 1565 234 1624 luter
254 1565 302 1624 lric
320 1566 403 1642 panis
424 1574 452 1623 et
466 1563 524 1623 hoc
540 1565 627 1642 pane]
648 1565 695 1624 hic
714 1568 810 1643 panis,
833 1567 880 1646 qul
897 1567 1010 1644 integer
1030 1574 1089 1627 est:

93 1650 150 1709 hoc
171 1667 256 1727 pane,
279 1666 342 1708 cnm
357 1648 467 1708 fractus
484 1655 544 1725 est,
560 1647 696 1724 dicimus,
714 1666 750 1707 ex
765 1667 821 1708 uno
837 1669 911 1729 pane
928 1668 991 1710 cum
1007 1650 1090 1730 plura

93 1733 185 1793 frusta
200 1733 379 1793 factasunt.
394 1731 423 1790 hi
440 1749 528 1810 panes
543 1731 596 1791 sed
611 1730 669 1789 hoc
684 1749 768 1809 pane.

156 1816 280 1877 Plurium
292 1834 328 1875 au
341 1815 463 1894 pluium]
479 1815 567 1875 Aiunt
580 1813 692 1894 quidam
704 1815 814 1893 plurum
828 1816 935 1877 debere
949 1816 1013 1895 diet,
1027 1817 1093 1896 qula

59 1915 155 1960 conon
169 1900 289 1960 dicimus
303 1900 463 1959 meliorium
480 1917 536 1959 nec
554 1899 740 1976 doctiorium,
762 1902 800 1959 ita
820 1918 875 1960 neo
900 1901 1021 1980 plurium
1043 1901 1092 1961 de·

94 1986 166 2044 bere
183 1984 249 2044 dici.
279 1982 338 2042 Sed
358 1983 406 2043 alii
430 1985 524 2059 aiunt,
549 2001 745 2062 quaecumque
761 1980 865 2062 plurali
882 1987 1047 2046 accusativo
1063 1986 1092 2045 iu

95 2068 149 2127 iet
177 2087 191 2128 s
205 2070 323 2128 veniunt
344 2076 373 2126 et
387 2069 395 2126 i
412 2065 589 2144 producunt,
615 2069 743 2142 genitivo
760 2069 884 2144 perium
901 2068 1008 2130 debere
1024 2070 1091 2146 dici,

95 2160 236 2230 tamquam
256 2153 362 2211 montis
381 2153 449 2210 tium
470 2150 558 2209 fontis
574 2152 658 2227 tium,
681 2169 738 2211 non
753 2161 878 2211 montum
896 2170 951 2210 uec
965 2152 1089 2220 fontum;

96 2235 134 2294 ita
150 2236 272 2314 plurium
288 2234 426 2310 dicimus,
443 2252 500 2293 nou
516 2235 637 2312 plurum.

60 2331 87 2372 ²⁶
114 2413 142 2472 ‘b
158 2332 288 2411 Uterque
304 2351 339 2393 an
354 2333 485 2412 utrique]
503 2341 624 2410 uterque
640 2349 678 2391 ex
696 2329 823 2410 duobus,
846 2333 959 2411 utrique
978 2350 1016 2392 cx
1031 2332 1092 2411 plu·

97 2434 122 2474 rr
146 2433 187 2473 us.

159 2509 364 2573 Huiuscemodi
379 2533 414 2574 an
431 2513 618 2591 eiuscemodi}
635 2513 812 2574 eiuscemodi
831 2513 982 2574 barbarum
998 2520 1051 2590 εει,
1065 2519 1095 2572 et

98 2603 234 2674 superest
249 2602 278 2656 ut
291 2594 489 2657 huiuscemodi
504 2597 642 2656 dicamus.

160 2691 239 2752 luter
254 2692 398 2753 librarium
415 2702 443 2753 ct
462 2694 647 2773 manuarium]
669 2693 816 2755 librarium
838 2703 883 2754 est
898 2693 976 2772 quod
991 2694 1094 2754 librum

60 2792 85 2834 oo
95 2777 233 2854 sustinet,
248 2781 421 2838 manuarium
436 2787 480 2838 est
495 2777 572 2856 quod
589 2796 673 2838 mauu
686 2779 811 2855 tangitur
826 2787 873 2837 aut
887 2780 1051 2839 sustinetur.

159 2871 239 2931 Inter
255 2889 391 2946 promere
407 2882 436 2933 et
450 2877 597 2954 prolerre]
614 2877 770 2954 promimus
793 2893 827 2935 ea
843 2892 917 2952 quae
939 2877 968 2935 in
981 2883 1095 2954 promtu

95 2964 177 3034 sunt,
193 2955 369 3034 proferimus
380 2956 545 3035 recondita,
562 2961 643 3036 quasi
658 2975 747 3036 porro
763 2959 890 3017 ierimus.

160 3051 215 3113 llic
241 3051 324 3125 alvus
339 3070 375 3112 au
393 3052 466 3112 haec
485 3052 579 3131 alvus}
609 3052 715 3112 Omnes
737 3053 813 3113 hauc
835 3054 929 3114 alvum
943 3054 1093 3114 dixerunt:

95 3154 170 3215 aqua
187 3137 281 3196 alvum
299 3139 383 3197 citam
398 3136 484 3212 lacit,
501 3154 558 3195 nou
573 3137 667 3195 citum.
697 3136 756 3196 Sed
767 3138 946 3217 temporibus
963 3134 1096 3196 emenda·

57 3229 142 3281 astur
163 3220 310 3300 facundia,
335 3222 373 3281 ita
391 3220 511 3279 dicimus
532 3219 581 3278 hic
604 3219 685 3279 aluus
701 3219 758 3280 hoc
778 3229 925 3300 tempore,
953 3221 1034 3298 quasi
1049 3218 1096 3279 hic

92 3314 310 3449 ιιιθῐἓιειειιιιιιιι
332 3408 366 3436 ar
393 3388 569 3448 caeruleuml
593 3387 738 3448 caerulum
760 3398 804 3449 est
827 3396 968 3447 tamarem
986 3404 1088 3447 aurum.
