2286 3862
455 191 561 240 orvus
584 191 775 242 raduanus.
1072 182 1111 240 55

104 354 227 431 quisque
243 351 364 410 animum
381 345 542 408 intenderet
564 366 599 408 ao
616 351 640 407 si
657 348 832 410 censendum
852 350 945 427 magis
962 365 1046 427 quam
1062 348 1110 408 ad·

105 434 283 495 sentiendum
300 442 388 494 esset.
480 442 482 447 ’

165 519 275 580 Auctor
297 527 326 577 et
352 517 471 576 aliarum
489 530 584 575 rerum
605 516 672 594 init,
699 517 826 596 inquis:
851 535 888 577 ue
912 524 977 578 acta
993 523 1143 577 senatus3

103 603 335 682 publicarentur,
362 619 399 659 ne
425 599 609 676 magistratus
636 599 770 679 deposito
807 600 919 661 bonore
953 600 1062 659 statim·
1083 601 1110 658 in

75 688 271 767 aprovincias
292 686 489 759 mitterentur,
509 691 540 743 ut
561 682 786 762 proconsulibus
806 685 842 746 ad
856 685 950 746 mulos
972 693 1002 744 et
1015 683 1109 744 taher-

100 771 206 831 nacula
227 786 302 849 quae
321 767 437 848 publice
456 767 548 828 locari
564 765 699 826 solebant
720 777 798 829 certa
813 770 937 849 pecunia
954 769 1110 828 constitue·

101 864 200 930 retur,
222 862 252 912 ut
274 870 342 914 cura
365 852 458 912 aerari
483 870 499 912 a
518 849 721 931 quaestoribus
747 851 863 912 urbanis
888 853 923 913 ad
945 853 1110 932 praetorios

101 946 294 1017 praetoresve
309 937 461 1013 transiret,
489 944 519 994 nt
536 934 772 996 centumviralem
788 934 898 996 hastam
921 954 1005 1015 quarn
1022 953 1109 1016 quae-

100 1031 206 1082 sturam
222 1022 311 1081 iuncti
327 1027 502 1080 consuerant
513 1036 624 1097 cogere
640 1017 798 1079 decemviri
814 1028 964 1097 cogerent.
987 1019 1135 1099 Quoque3

56 1122 88 1164 ιο
100 1106 200 1184 plures
221 1113 334 1185 partem
355 1103 597 1165 administrandae
619 1105 662 1163 rei
686 1121 713 1181 p.
741 1113 898 1183 caperent,
921 1121 998 1164 nova
1014 1103 1110 1164 cilicia

99 1190 292 1266 excogitavit:
324 1207 420 1250 curam
441 1204 562 1267 operum
584 1186 783 1267 publicorum,
806 1189 932 1265 viarum,
961 1205 1109 1268 aquarum,

98 1275 175 1334 alvei
192 1273 318 1350 Tiberis,
337 1273 470 1332 frumenti
486 1272 597 1352 populo
614 1271 770 1350 dividundi,
787 1273 1003 1353 praefecturam
1018 1272 1108 1350 urhis,

98 1359 306 1417 triumuiratum
320 1356 437 1433 legendi
454 1365 588 1431 senatus,
608 1365 638 1415 et
660 1356 781 1416 alterum
796 1356 1031 1435 recognoscendi
1052 1366 1108 1417 tur·

98 1459 160 1501 mas
178 1442 322 1518 equitum,
341 1440 534 1517 quotiensque
551 1455 625 1517 opus
647 1447 735 1498 esset.
775 1438 923 1500 Censores
945 1441 1040 1500 creari
1061 1441 1108 1499 de-

59 1527 174 1585 15sitos
195 1524 287 1601 longo
312 1522 465 1583 intervallo
489 1523 608 1581 creavit.
650 1521 805 1582 Numerum
827 1532 994 1601 praetorum
1021 1523 1108 1581 auxit.

99 1609 209 1685 Exegit
225 1609 328 1685 etiam,
346 1616 376 1667 ut
393 1607 526 1686 quotiens
544 1606 711 1666 consulatus
727 1606 781 1665 sibi
798 1606 931 1684 daretur,
956 1605 1041 1666 binos
1055 1622 1108 1686 pro

99 1693 222 1771 singulis
239 1691 372 1769 collegas
394 1690 531 1767 haberet,
557 1709 613 1750 nec
630 1690 767 1770 optinuit,
791 1689 1017 1754 reclamantibus
1042 1709 1109 1750 cun·

99 1780 154 1837 ctis
171 1779 241 1837 satis
257 1778 437 1837 maiestatem
453 1777 515 1836 eius
531 1777 672 1851 imminui,
698 1775 776 1854 quod
802 1774 942 1835 honorem
964 1793 1028 1835 eum
1050 1792 1109 1835 uon

99 1862 179 1922 solus
194 1861 247 1922 scd
264 1879 327 1920 cum
345 1861 438 1921 altero
456 1869 585 1938 gereret.
621 1859 685 1921 Nec
704 1862 821 1938 parcior
837 1860 864 1919 in
881 1858 987 1920 bellica
1006 1860 1109 1920 virtute
1139 1874 1143 1915 :

57 1961 88 2002 ao
98 1946 285 2022 honoranda,
315 1963 403 2024 super·
429 1946 544 2023 triginta
568 1944 688 2005 ducibus
710 1946 802 2005 iustos
825 1944 984 2024 triumphos
1006 1952 1036 2006 et
1057 1944 1108 2005 ali·

98 2039 206 2109 quanto
223 2029 354 2107 pluribus
368 2028 551 2109 triumphalia
567 2038 734 2090 ornamenta
752 2029 935 2090 decernenda
953 2029 1073 2090 curavit.

160 2113 273 2173 hiberis
290 2121 473 2191 senatorum,
489 2129 547 2193 quo
561 2114 685 2174 celerius
700 2115 744 2174 rei
759 2132 788 2193 p.
805 2123 1022 2192 assuescerent,
1039 2130 1106 2194 pro-

97 2200 174 2257 tinus
195 2216 211 2258 a
236 2197 312 2256 virili
332 2205 403 2274 toga
419 2197 506 2258 latum
529 2198 642 2258 clavum
658 2197 778 2259 induere
794 2206 822 2258 et
845 2200 943 2258 curiae
964 2198 1108 2259 interesse

98 2283 251 2360 permisit,
279 2281 465 2359 militiamque
492 2281 710 2360 auspicantibus
738 2300 796 2343 non
824 2281 998 2341 tribunatum
1021 2281 1108 2341 modo

57 2383 87 2423 2⁵
97 2367 259 2444 legionum,
276 2364 328 2425 sed
344 2374 373 2425 et
388 2364 590 2445 praefecturas
606 2365 715 2427 alarum
727 2365 823 2436 dedit;
840 2385 875 2426 ac
889 2384 925 2425 ne
939 2365 987 2442 qui
999 2370 1109 2444 expers

97 2459 259 2510 castrorum
275 2459 371 2526 esset,
387 2450 472 2509 binos
488 2449 660 2530 plerumque
676 2450 842 2512 laticlauios
864 2450 1036 2529 praeposuit
1051 2450 1107 2509 sin·

97 2535 175 2612 gulis
195 2534 259 2594 alis.

161 2618 297 2697 Equitum
319 2627 426 2679 turmas
442 2619 612 2698 frequenter
632 2620 820 2697 recognovit,
839 2628 907 2699 post
929 2618 1047 2696 longam
1066 2620 1106 2678 in-

96 2703 316 2783 tercapedinem
331 2702 452 2764 reducto
470 2721 552 2763 more
574 2705 772 2764 travectionis.
808 2703 869 2764 Sed
884 2721 979 2782 neque
996 2701 1107 2762 detrahi

58 2805 270 2866 soquemquam
297 2788 327 2846 in
357 2787 536 2848 travehendo
556 2787 592 2847 ab
617 2797 790 2848 accusatore
812 2805 918 2868 passus
943 2796 1002 2865 est,
1030 2786 1108 2865 quod

97 2871 162 2929 lieri
178 2870 301 2948 solebat,
320 2880 349 2931 et
363 2873 445 2932 senio
457 2873 506 2932 vel
520 2873 615 2951 aliqua
632 2874 768 2951 corporis
783 2871 849 2933 labe
862 2871 1025 2950 insignibus
1041 2890 1107 2951 per-

96 2955 189 3030 misit,
207 2955 368 3032 praemisso
384 2956 413 3015 in
430 2955 531 3016 ordine
548 2975 642 3035 equo,
670 2956 706 3017 ad
721 2955 956 3036 respondendum
973 2957 1108 3036 quotiens

97 3039 257 3098 citarentur
273 3038 396 3117 pedibus
416 3041 532 3110 venire;
555 3057 624 3101 mox
650 3039 789 3101 reddendi
806 3043 873 3121 equi
894 3040 1017 3118 gratiam
1037 3039 1109 3100 lecit

97 3123 155 3199 eis,
181 3122 229 3200 qui
251 3123 378 3183 maiores
404 3141 542 3185 annorum
565 3127 691 3204 quinque
715 3134 744 3185 ct
759 3127 876 3204 triginta
896 3127 1024 3185 retinere
1044 3142 1108 3183 eum

58 3206 224 3277 aanollent;
254 3208 475 3287 impetratisque
502 3227 518 3269 a
546 3218 647 3269 senatu
673 3209 775 3270 decem
799 3209 995 3285 adiutoribus,
1023 3219 1143 3274 nnumb

97 3309 240 3372 quemque
257 3293 383 3370 equitum
399 3293 540 3353 rationem
556 3294 631 3354 vitae
649 3293 774 3355 reddere
789 3297 889 3372 coegit
904 3303 992 3373 atque
1010 3310 1048 3353 ex
1065 3294 1105 3352 in·

97 3375 227 3455 probatis
244 3376 319 3437 alios
335 3395 448 3456 poena,
474 3378 548 3438 alios
565 3380 720 3456 ignominia
736 3380 860 3457 notavit,
883 3378 984 3458 plures
1006 3376 1102 3438 admo·

96 3460 221 3540 uitione,
240 3461 292 3521 sed
313 3463 401 3522 varia.
438 3461 627 3538 lenissimum
640 3481 733 3542 genus
749 3463 952 3525 admonitionis
973 3463 1025 3522 luit
1046 3470 1101 3523 tra-
