2334 3870
446 177 676 226 occurramus.
989 167 1049 231 243

55 332 248 414 deperditam,
278 331 455 411 repudiavit,
488 335 621 412 intraque
646 330 738 393 bre‘ve
762 343 876 413 tempus
900 335 1051 415 impatiens

55 417 174 496 discidii,
190 416 272 496 quasi
287 416 466 494 efflagitante
482 417 601 497 populo,
617 417 741 479 reduxit.

119 499 203 562 Circa
227 499 500 562 administrationem
519 510 613 562 autem
629 502 744 581 imperii
765 502 927 582 aliquandiu
950 521 982 562 se
1001 520 1049 563 va·

54 587 124 646 rium
138 584 292 665 praestitit,
306 586 428 645 mixtura
443 603 559 664 quoque
574 585 719 665 aequabili
737 588 869 647 vitiorum
890 594 974 665 atque
996 587 1050 646 vir·

31 679 156 740 ttuturn3
173 669 268 729 donec
282 670 402 728 virtutes
418 686 535 748 quoque
549 671 577 730 in
592 670 660 730 vitia
676 671 808 732 deflexit:
831 677 964 750 quantum
985 685 1051 730 con·

52 754 163 814 iactare
185 752 271 828 licet,
308 770 395 832 super
429 753 537 829 ingenii
571 762 700 815 naturam
723 757 820 834 inopia
844 772 949 834 rapax,
976 760 1053 814 metu

54 855 170 898 saevus.

118 919 292 999 Spectacula
311 920 424 980 assidue
440 921 594 998 magnilica
612 928 641 981 et
662 929 826 999 sumptuosa
843 923 930 982 edidit
947 938 1005 981 non
1023 920 1081 993 inq

55 1002 263 1084 amphitheatro
275 1003 372 1082 modo,
385 1022 485 1064 verum
498 1013 526 1064 et
538 1007 567 1064 in
584 1005 664 1065 circo
672 1028 679 1075 ;
697 1004 745 1064 ubi
762 1015 878 1084 praeter
895 1003 1052 1064 sollemnes

18 1102 42 1144 ro
53 1088 183 1165 bigarum
217 1087 476 1169 quadrigarumque
511 1107 611 1149 cursus
648 1088 790 1167 proelium
821 1091 905 1150 etiam
935 1085 1053 1165 duplex,
1095 1152 1098 1159 ,

53 1180 188 1251 equestre
206 1189 241 1232 ac
262 1172 416 1252 pedestre,
438 1174 593 1243 commisit;
618 1181 647 1232 at
665 1175 692 1232 in
716 1173 925 1253 amphitheatro
948 1169 1054 1231 navale

54 1273 179 1334 quoque.
202 1253 275 1316 Nam
293 1259 463 1317 venationes
482 1258 718 1336 gladiatoresque
737 1267 766 1318 et
777 1259 911 1320 noctibus
924 1255 960 1316 ad
971 1253 1052 1331 lych-

53 1337 181 1404 nuchos;
200 1354 255 1395 nec
274 1338 401 1398 virorum
418 1340 505 1398 modo
517 1358 640 1417 pugnas,
660 1341 712 1400 sed
724 1350 752 1400 ct
763 1342 939 1403 feminarum.
965 1340 1051 1400 Prae-

55 1431 136 1480 terea
149 1420 323 1497 quaestoriis
334 1420 517 1496 muneribus,
535 1439 609 1499 quae
631 1421 699 1480 olim
722 1425 827 1483 omissa
850 1431 1061 1497 revocaverat,

21 1508 93 1564 ltita
104 1519 221 1580 semper
232 1502 371 1579 interluit,
388 1510 417 1562 ut
435 1503 545 1582 populo
565 1512 738 1580 potestatem
755 1504 867 1565 laceret
886 1506 953 1564 bina
974 1506 1055 1583 paria

56 1607 72 1648 e
88 1603 139 1646 suc
154 1585 221 1646 ludo
235 1585 414 1664 postulandi,
434 1604 526 1666 eaque
544 1585 701 1645 novissima
717 1587 811 1647 aulico
824 1596 964 1666 apparatu
976 1585 1053 1646 indu·

56 1677 145 1731 cerei.
175 1669 222 1729 'Ac
242 1688 296 1751 per
320 1688 404 1730 omne
431 1670 622 1750 gladiatorum
650 1670 847 1749 spectaculum
873 1671 1053 1770 antepedes

55 1756 82 1814 ei
100 1752 194 1815 stabat
217 1755 355 1834 puerulus
383 1759 550 1817 coccinatus
575 1772 667 1834 parvo
691 1763 923 1854 portentosoque
950 1756 1054 1834 capite,

55 1857 118 1900 cum
137 1856 194 1919 quo
214 1840 364 1918 plurimum
383 1839 579 1916 fabulabatur,
597 1857 808 1939 nonnumquam
834 1840 922 1899 serio.
967 1837 1054 1897 Audi-

19 1936 45 1977 20
54 1933 99 1984 tus
119 1932 163 1982 est
183 1932 275 2001 certe,
294 1923 359 1983 dum
377 1944 414 1985 ex
430 1943 467 1985 eo
486 1925 605 2003 quaerit,
626 1924 737 2005 ecquid
747 1924 852 1999 sciret,
870 1943 925 1984 cnr
936 1921 999 1984 aide
1008 1938 1053 1982 cs·

55 2023 122 2066 acm
137 2011 218 2065 esset
236 2005 432 2069 ordinatione
450 2008 599 2086 paccano
620 2006 758 2088 Aegypto
773 2008 946 2086 praeficere
966 2005 1052 2068 dlac-

56 2089 136 2151 cinnc
149 2087 274 2167 Mfcm
307 2088 404 2151 Edidit
421 2091 531 2151 navalis
552 2110 665 2170 pugnas
683 2110 777 2171 paene
796 2094 931 2152 iustarum
953 2091 1053 2151 classi·

54 2192 112 2251 um,
132 2173 241 2234 effosso
260 2183 289 2234 et
306 2175 524 2235 circumstructo
545 2176 622 2235 iuxta
647 2175 774 2237 'l'iberim
801 2176 865 2235 lacu
872 2183 990 2253 ,atque
1013 2174 1054 2232 in·

55 2266 101 2318 ter
114 2258 254 2318 maximos
272 2257 379 2320 imbres
396 2261 604 2338 perspectauit.

19 2360 45 2402 au
118 2340 202 2401 Fecit
218 2351 248 2401 et
263 2342 348 2404 ludos
366 2343 556 2419 Saeculares,
581 2352 745 2423 computata
762 2345 873 2404 ratione
894 2353 1055 2421 temporum

56 2424 92 2486 ad
110 2442 212 2485 annum
228 2443 286 2486 uon
307 2444 363 2506 quo
382 2425 519 2488 claudius
539 2430 687 2506 proxime,
711 2428 763 2488 sed
788 2445 843 2505 quo
869 2427 937 2488 olim
956 2425 1055 2501 Augu·

57 2517 117 2569 stus
135 2507 277 2580 ediderat;
295 2513 323 2570 in
341 2513 376 2571 iis
394 2512 565 2572 circensium
584 2512 640 2588 die,
657 2529 714 2591 quo
732 2511 845 2573 facilius
865 2518 977 2572 centum
989 2509 1054 2569 mis

56 2611 105 2653 sus
117 2603 343 2673 peragerentur,
357 2595 488 2674 singulos
507 2615 522 2656 a
539 2597 668 2676 septenis
688 2596 789 2675 spatiis
809 2594 844 2655 ad
863 2596 948 2674 quina
967 2593 1054 2654 corri-

56 2679 125 2756 puit.
336 2725 337 2729 ,

21 2777 46 2818 ao
117 2760 241 2822 lnstituit
258 2772 286 2823 et
298 2764 511 2843 quinquennale
524 2772 670 2826 certamen
683 2762 849 2845 Capitolino
860 2761 924 2823 Iovi
936 2745 1054 2844 triplex,
1139 2777 1148 2794 ·

54 2845 192 2906 musicum
205 2857 341 2925 equestre
353 2849 531 2926 gymnicum,
544 2856 573 2909 et
584 2849 731 2929 aliquanto
748 2848 870 2926 plurium
883 2865 967 2926 quam
980 2863 1056 2906 nunc

56 2937 102 2991 est
120 2947 302 2990 coronarum.
344 2929 500 2992 Certabant
526 2934 600 2992 enim
624 2941 653 2992 ct
671 2949 760 3013 prosa
784 2933 916 2992 oratione
942 2929 1056 2992 Graece

54 3012 230 3093 latineque,
257 3032 291 3074 ac
309 3023 426 3093 praeter
450 3014 635 3076 citharoedos
662 3014 920 3076 chorocitharistae
939 3031 1055 3094 quoque

56 3106 86 3157 et
103 3097 361 3176 psilocitbaristae;
381 3101 410 3159 iu
428 3099 521 3159 stadio
540 3118 613 3161 vero
625 3119 711 3160 cursu
724 3101 807 3160 etiam
820 3101 960 3178 virgines.
984 3095 1054 3158 Ger·
1148 3157 1150 3160 ,

21 3199 47 3240 aa
56 3183 153 3243 tamiri
170 3182 318 3263 praesedit
335 3182 500 3263 crepidatus
519 3203 721 3264 purpureaque
740 3185 858 3246 amictus
876 3193 947 3261 toga
966 3181 1053 3244 Grae-

57 3266 168 3343 canica,
187 3268 283 3345 capite
300 3277 420 3345 gestans
439 3286 576 3330 coronam
595 3287 710 3330 auream
727 3287 790 3330 cum
809 3269 910 3346 effigie
928 3266 1006 3330 lovis
1019 3284 1053 3327 ac
1124 3329 1127 3334 ,

55 3347 172 3411 lunonis
188 3352 408 3432 Minervaeque:
424 3352 633 3415 'adsidentibus
649 3353 724 3414 Diali
742 3352 898 3414 sacerdote
915 3361 944 3412 et
963 3350 1052 3412 colle·

56 3435 106 3511 gio
126 3434 295 3497 Flauialium
311 3437 375 3519 pari
394 3436 503 3518 babitu,
520 3439 575 3499 nisi
593 3437 670 3518 quod
686 3436 801 3500 illorum
821 3437 939 3583 pprpnis
961 3436 1053 3496 iuerat
