2334 3870
98 162 139 224 72
183 173 213 222 c.
230 173 381 222 suarem
396 171 522 231 numo.
536 171 586 218 un
601 169 686 219 vaus
701 168 888 219 csnsannrt
901 172 974 222 um.
991 175 1033 223 11.

98 331 221 389 tacentis
241 326 290 387 vel
305 327 475 386 summissim
490 326 644 387 labnlantis
664 325 863 406 provocabat,
883 337 916 388 et
937 339 989 390 ant
1002 349 1108 395 acroa-

97 422 172 472 mata
194 422 223 472 et
241 410 399 471 histriones
418 412 570 470 autetiam
590 412 721 471 triuiales
742 428 781 470 ex
801 412 884 471 circo
899 411 1000 474 ludios
1015 417 1109 477 inter·

97 497 228 576 ponebat
242 514 277 556 ac
292 495 472 574 frequentius
486 494 664 572 aretalogos.
938 548 943 555 .

53 595 90 651 75
159 580 268 642 Festos
283 588 312 638 et
329 579 488 639 sollemnes
505 578 569 638 dies
583 579 796 658 profusissime,
811 595 1022 660 nonnumquam
1039 593 1105 643 tan·

96 676 155 727 tum
177 663 343 725 ioculariter
364 661 542 722 celebrabat.
575 662 790 739 Saturnalibus,
811 670 842 721 et
856 664 881 722 si
895 664 1007 742 qnarmo
1025 665 1125 726 aliast

3 811 8 816 ,
97 749 245 824 libuisset,
268 746 355 806 modo
377 765 496 806 munera
518 746 678 824 dividebat,
700 755 813 806 vestem
831 755 862 806 et
883 765 982 808 aarum
1003 758 1034 809 et
1053 769 1099 810 ar·

97 843 228 912 gentum,
251 831 338 891 modo
360 848 490 890 nummos
513 832 606 891 omnis
626 840 725 907 notae,
747 832 834 890 etiam
855 840 976 892 veteres
998 835 1104 911 regios

96 937 132 978 ac
152 917 345 996 peregrinos,
367 915 507 974 interdum
528 916 596 975 nibil
618 924 736 994 praeter
756 916 853 975 cilicia
870 925 900 976 et
913 919 1059 996 spongias
1075 927 1106 978 et

95 1000 228 1061 rutabula
251 1007 280 1059 et
302 1000 433 1079 forpices
454 1008 540 1076 atque
561 999 616 1058 alia
637 997 667 1058 id
686 1016 795 1076 genus,
815 1000 906 1060 titulis
918 1001 1056 1060 obscuris
1071 1011 1104 1060 et

97 1085 248 1163 ambiguis.
286 1082 407 1142 Solebat
436 1092 465 1141 et
493 1081 787 1161 inaequalissimarum
816 1102 912 1143 rerunt
939 1093 1036 1144 sortes
1068 1093 1135 1144 etto

97 1186 216 1231 aversas
231 1166 390 1226 tabularum
405 1168 533 1244 picturas
551 1168 580 1224 in
601 1168 737 1225 convivio
755 1167 905 1228 venditare
923 1169 1101 1248 incertoque

97 1272 165 1313 casu
188 1269 270 1328 spem
290 1251 474 1308 mercantium
495 1249 544 1308 vel
564 1249 697 1309 frustrari
719 1250 768 1310 vel
783 1251 927 1331 explere,
945 1253 986 1312 ita
999 1261 1033 1312 nt
1046 1271 1103 1332 per

96 1335 227 1413 singulos
244 1334 340 1395 lectos
357 1333 477 1393 licitatio
494 1334 579 1393 lieret
592 1343 621 1393 et
635 1353 688 1392 seu
702 1335 812 1395 iactura
826 1354 879 1395 sen
893 1335 1007 1396 lucrum
1023 1355 1103 1397 com·

52 1422 88 1478 76
96 1421 297 1481 manicaretur.
330 1415 393 1477 Cibi
416 1419 501 1498 (nam
520 1437 557 1478 ne
574 1417 648 1478 baec
667 1418 781 1497 quidem
802 1420 972 1498 omiserim)
993 1422 1104 1480 minimi

98 1514 160 1566 crat
183 1512 269 1582 atque
291 1503 420 1580 vulgaris
443 1503 517 1563 lere.
548 1502 754 1564 Secundarium
771 1521 875 1582 panem
891 1513 922 1564 et
938 1505 1140 1582 pisciculosrs

96 1593 221 1649 minutos
246 1599 275 1648 et
298 1607 413 1648 caseum
436 1586 572 1647 bubulum
592 1605 675 1647 manu
696 1605 828 1666 pressum
848 1596 879 1647 et
898 1589 974 1649 ticos
991 1589 1104 1650 virides

96 1674 206 1735 biferas
233 1674 355 1733 maxime
386 1673 557 1750 appetebat;
584 1669 817 1750 vescebaturque
838 1680 869 1731 et
888 1681 956 1733 ante
979 1691 1104 1734 caenam

97 1776 279 1838 quocumque
308 1764 439 1834 tempore
462 1762 491 1813 et
513 1755 597 1830 loco,
626 1772 683 1833 quo
704 1755 872 1816 stomacbns
891 1755 1102 1819 desiderasset.

96 1840 194 1903 Verba
224 1841 313 1918 ipsius
341 1857 379 1897 ex
405 1837 538 1915 epistolis
559 1846 639 1897 sunt:
670 1835 738 1900 Nos
754 1840 788 1899 in
808 1840 918 1901 essedo
934 1859 1054 1920 patemo
1074 1848 1105 1903 et

91 1923 251 2005 palmatos
267 1921 468 2000 quotocimcs.
513 1922 550 1982 Et
571 1923 688 1982 itemm:
713 1922 795 1983 Dum
816 1923 927 1986 lectica
948 1943 991 1986 etc
1010 1927 1138 2007 reptem

95 2009 214 2071 domum
234 2006 344 2082 redeo,
363 2005 458 2083 punis
475 2006 599 2067 cadom
619 2025 686 2067 cum
697 2008 812 2085 poscas
827 2009 929 2070 acinis
942 2027 1027 2072 once
1040 2012 1100 2072 dac

93 2092 225 2153 romane
239 2089 366 2152 comedi.
389 2090 426 2150 Et
438 2110 552 2152 mrsus:
569 2089 616 2152 Ne
628 2089 767 2152 ludaeos
778 2094 910 2172 quidem,
924 2095 968 2155 mi
982 2094 1099 2172 Tiberi,

95 2183 158 2237 tom
182 2175 343 2256 diliqeoter
367 2173 513 2237 sabbatis
531 2175 675 2237 Muniam
695 2184 802 2237 emeat
818 2195 912 2257 quom
930 2197 987 2257 epo
1006 2179 1103 2241 bodie

94 2261 234 2336 servaci,
252 2260 305 2340 qui
317 2260 350 2320 in
365 2258 488 2322 balineo
506 2260 624 2322 denum
636 2269 710 2340 post
724 2261 834 2322 boram
846 2263 981 2341 primm
995 2265 1101 2326 noctis

95 2348 177 2409 duas
202 2345 335 2407 bocceos
357 2344 547 2407 manducavi
572 2346 664 2424 prius
691 2363 783 2424 qoam
802 2348 898 2426 capso
917 2347 1135 2426 inciperemus

94 2432 139 2494 Ex
160 2432 214 2492 hac
237 2429 453 2490 inobservantia
469 2449 678 2509 nonnumquam
694 2430 742 2490 vel
760 2440 825 2490 ante
848 2432 947 2492 initum
962 2433 1012 2493 vel
1027 2442 1100 2511 post

96 2518 240 2577 dimissum
266 2514 428 2574 convivium
451 2515 531 2574 solus
556 2515 732 2591 caenitabat,
759 2533 822 2575 cnm
847 2516 937 2595 pleno
959 2519 1098 2578 convivio

49 2600 162 2660 ttnthtt
184 2607 326 2676 taugeret.
363 2599 430 2658 Vini
451 2617 566 2678 quoque
586 2608 687 2659 natura
711 2601 896 2677 parcissimus
916 2609 989 2661 erat.
1028 2600 1098 2664 Non

93 2684 212 2762 amplius
231 2692 276 2742 ter
289 2681 391 2742 bibere
407 2701 470 2742 eum
487 2684 601 2742 solitam
618 2701 707 2762 snper
723 2701 842 2744 caenam
856 2686 886 2744 in
901 2686 1005 2745 castris
1019 2685 1099 2766 apud

91 2769 236 2843 Mutinam,
252 2765 406 2827 Cornelius
418 2766 521 2845 Nepos
536 2767 629 2827 tradit.
658 2767 764 2828 Postea
780 2770 912 2846 quotiens
928 2769 1135 2846 larffl'ssimess

93 2872 124 2914 se
140 2853 283 2927 invitaret,
299 2868 387 2911 senos
404 2860 553 2912 sextantes
565 2868 624 2910 non
640 2853 779 2928 excessit,
795 2862 842 2912 aot
858 2855 882 2912 si
901 2856 1095 2933 excessisset,

92 2935 242 2999 reiciebat.
272 2934 310 2994 Et
329 2937 452 2994 maxime
475 2935 635 2996 delectatus
653 2945 698 2995 est
710 2937 848 3013 Raetico,
870 2956 966 3016 neque
981 2947 1096 3001 umere

93 3021 214 3082 interdiu
237 3017 318 3078 bibit.
348 3019 404 3079 Pro
427 3022 546 3098 potione
567 3019 698 3080 sumebat
720 3021 866 3099 perfusum
889 3040 963 3101 aqna
985 3023 1096 3102 frigida

94 3125 211 3186 panem,
231 3111 278 3163 aut
300 3104 461 3164 cucumeris
479 3105 600 3165 inustum
619 3104 667 3164 vel
687 3104 848 3166 lactuculae
871 3105 1018 3184 thyrsum,
1045 3117 1096 3169 ant

92 3210 197 3252 recens
210 3187 354 3250 aridumve
371 3206 485 3267 pomum
501 3191 562 3249 suci
578 3189 742 3249 vinosioris.
1102 3207 1132 3249 ae

54 3287 85 3343 ⁷8
151 3276 220 3335 Post
236 3272 328 3333 cibum
342 3271 544 3350 meridianum,
569 3275 606 3332 ita
623 3282 654 3332 ut
669 3275 792 3333 vestitus
807 3273 1005 3353 calciatusque
1019 3287 1094 3355 erat,

92 3361 212 3419 retectis
232 3357 353 3436 pedibus
367 3357 516 3437 paulisper
531 3357 770 3436 conquiescebat,
785 3359 922 3436 opposita
936 3359 973 3418 ad
988 3361 1096 3422 oculos

102 3461 173 3492 nanu
234 3441 249 3483 Α
276 3459 363 3502 caena)
381 3442 408 3492 in
429 3442 586 3500 instimulare
618 3459 642 3481 ἠ
680 3440 890 3492 nauh-sturiam
911 3442 1094 3516 recipfobsst
