2286 3862
404 193 508 241 nrvus
532 192 723 241 xuausrus.
1023 182 1060 241 41

84 371 133 414 am.
156 351 321 412 Profectum
337 365 407 410 mcx
429 348 599 410 avunculum
616 349 645 408 in
661 348 815 429 Hispanias
839 349 978 411 adversus
1004 347 1064 409 ott.

84 437 185 517 'ompei
209 435 336 511 liberos,
358 432 474 493 vixdum
496 435 592 494 lirmus
614 452 629 494 a
651 436 734 511 gravi
759 433 927 511 valitudine,
955 452 1009 512 per
1024 435 1064 492 in·

84 530 155 582 estas
177 519 309 580 hostibus
333 519 395 577 vias
418 519 598 597 paucissimis
623 517 775 577 comitibus
798 518 950 595 naufragio
981 518 1065 577 etiam

84 614 143 666 tcto
178 604 368 679 subsecutus,
407 619 585 682 magnopere
618 601 774 680 demeruit,
813 601 975 683 approbata
1007 602 1064 662 cito

84 692 151 750 tiam
169 705 279 749 morum
297 685 395 746 indole
413 704 502 766 super
516 687 628 746 itineris
644 686 818 747 industriam.

129 771 256 833 Caesare
272 778 340 850 post
362 779 499 850 receptas
519 770 671 848 Hispanias
685 771 900 850 expeditionem
920 773 950 831 in
969 771 1067 833 Dacos

85 866 95 917 t
108 855 175 916 inde
188 858 217 916 in
226 856 349 917 Parthos
361 854 539 931 destinante,
561 854 736 933 praemissus
753 854 939 935 Apolloniam
967 854 1067 916 studiis

85 942 189 1001 ocavit.
213 941 308 1019 thue
322 940 443 1018 primum
460 941 589 1000 occisum
606 955 671 997 eum
687 937 882 1017 heredemque
900 959 933 999 se
950 956 1066 1019 compe·

84 1027 116 1101 it,
142 1023 188 1084 diu
211 1031 359 1084 cunctatus
379 1041 414 1084 an
433 1024 582 1103 proximas
600 1022 736 1098 legiones
754 1022 940 1101 imploraret,
960 1025 989 1084 id
1008 1024 1067 1103 qui·

83 1125 128 1168 em
141 1108 292 1168 consilium
302 1115 333 1166 ut
344 1125 489 1187 praeceps
497 1108 722 1184 inmaturumque
733 1109 839 1183 omisit,
856 1115 985 1168 ceterum
996 1105 1068 1167 urbe

84 1194 188 1272 epetita
215 1191 405 1252 hereditatem
433 1191 514 1268 adiit,
555 1189 702 1250 dubitante
729 1200 837 1268 matre,
867 1192 972 1252 vitrico
995 1208 1067 1252 vero

84 1277 173 1337 larcio
186 1275 321 1355 Philippo
335 1276 480 1337 consulari
501 1275 619 1334 multum
634 1274 830 1337 dissuadente.
862 1274 958 1355 Atque
976 1275 1012 1337 ab
1032 1292 1067 1335 eo

84 1377 197 1438 empore
216 1358 394 1419 exercitibus
412 1360 588 1439 comparatis
604 1361 725 1438 primum
748 1379 812 1420 cum
826 1359 866 1419 Μ.
882 1359 1010 1421 Antonio
1028 1359 1067 1420 Μ.

86 1462 122 1502 ue
144 1441 254 1519 Lepido
276 1442 379 1501 deinde
398 1450 505 1503 tantum
530 1458 595 1499 cum
614 1439 742 1512 Antonio
760 1462 815 1520 per
836 1442 988 1501 duodecim
1005 1443 1069 1501 lere

84 1543 175 1601 nuos,
196 1524 353 1584 novissime
373 1544 426 1605 per
447 1531 581 1603 quattuor
603 1530 632 1581 et
649 1521 838 1601 quadraginta
860 1523 940 1582 solus
960 1540 1021 1583 rem
1040 1542 1068 1603 p.

84 1611 165 1669 enuit.

130 1693 285 1772 Proposita
305 1694 381 1753 vitae
405 1692 467 1752 eius
480 1692 560 1752 velut
586 1709 707 1769 summa,
728 1698 827 1770 partes
840 1691 1007 1768 singillatim
1018 1702 1095 1757 neb

85 1797 121 1838 ue
146 1796 200 1857 per
217 1786 349 1856 tempora
367 1775 419 1836 sed
437 1795 491 1856 per
513 1777 628 1857 species
647 1793 809 1854 exsequar,
834 1794 891 1856 quo
910 1774 1069 1837 distinctius

85 1864 256 1923 emonstrari
272 1862 474 1941 cognoscique
489 1861 612 1942 possint.
927 1887 929 1892 ·

128 1945 210 2006 Bella
237 1946 332 2007 civilia
359 1947 483 2024 quinque
507 1947 615 2023 gessit:
649 1944 827 2022 Mutinense,
870 1944 1068 2025 Philippense,

84 2031 251 2107 crusinam,
275 2029 419 2105 Siculum,
441 2029 611 2099 Actiacum;
631 2048 647 2089 e
665 2028 767 2108 quibus
785 2028 905 2107 primum
923 2047 958 2089 ac
972 2032 1068 2090 novis·

84 2116 167 2172 imum
187 2113 327 2173 adversus
344 2113 383 2172 Μ.
404 2112 575 2191 Antonium,
605 2113 763 2174 secundum
789 2112 928 2173 adversus
953 2113 1068 2174 Brutum

85 2194 254 2273 tCassium,
273 2198 387 2256 tertium
400 2197 540 2258 adversus
557 2198 587 2258 h.
604 2196 759 2258 Antonium
778 2198 917 2257 triumviri
939 2197 1068 2275 fratrem,

86 2289 197 2342 uartum
217 2282 357 2342 adversus
377 2281 497 2342 Sextum
513 2282 680 2362 Pompeium
693 2281 753 2343 GN.
769 2280 802 2341 F.
833 2281 962 2341 Omnium
975 2281 1111 2341 bello-10

84 2385 127 2426 um
148 2367 256 2427 initium
272 2375 300 2426 et
322 2383 437 2427 causam
452 2366 518 2426 hinc
543 2367 678 2447 sumpsit:
698 2366 767 2426 nihil
784 2366 1003 2426 convenientius
1022 2364 1070 2426 dtr·

84 2470 136 2511 ens
159 2469 242 2530 quam
264 2469 367 2511 necem
390 2452 523 2512 avunculi
541 2451 689 2512 vindicare
711 2453 843 2529 tuerique
867 2459 945 2528 acta,
972 2449 1070 2509 conle-

84 2536 131 2594 tim
149 2544 179 2594 ut
197 2535 356 2615 Apollonia
370 2536 471 2614 rediit,
495 2535 613 2596 Brutum
639 2534 827 2614 Cassiumque
851 2543 880 2594 et
906 2535 934 2594 vi
951 2533 1070 2612 necopi-

85 2618 157 2679 antis
176 2629 205 2680 et
223 2621 305 2700 (quia
323 2622 472 2700 provisum
495 2621 657 2701 periculum
680 2617 934 2697 subterfugerant)
953 2617 1069 2696 legibus

84 2702 187 2780 dgredi
210 2722 338 2783 reosque
358 2706 455 2766 caedis
479 2705 607 2767 absentis
628 2705 744 2766 deferre
771 2705 877 2764 statuit.
907 2702 1003 2763 Ludos
1022 2720 1069 2763 au·

84 2805 123 2847 em
142 2787 285 2849 victoriae
304 2787 456 2867 Caesaris,
480 2808 538 2851 non
559 2789 731 2851 audentibus
753 2789 853 2848 lacere
877 2787 980 2867 quibus
995 2786 1070 2866 opti·

87 2879 149 2929 erat
163 2870 191 2930 id
203 2890 320 2950 munus,
347 2874 411 2952 ipse
427 2874 526 2934 edidit.
548 2874 587 2935 Et
602 2892 659 2954 quo
683 2875 862 2935 constantius
882 2881 982 2932 cetera
999 2882 1071 2950 quo-¹

84 2972 122 3012 ue
138 2965 349 3034 exequeretur,
371 2959 400 3016 in
422 2959 519 3019 locum
532 2959 591 3020 ΤΒ.
611 2958 664 3018 Ph.
685 2959 762 3019 forte
779 2957 920 3017 demortui
937 2953 1069 3016 candida·

85 3056 122 3096 rm
141 3056 174 3097 se
196 3039 338 3118 ostendit,
365 3059 526 3121 quanquam
545 3043 684 3120 patricius
705 3041 828 3102 necdum
848 3048 976 3100 senator.
1012 3036 1071 3099 Sed
1096 3043 1099 3047 ’

84 3121 239 3183 dversante
269 3123 419 3184 conatibus
435 3129 506 3186 'suis
531 3127 570 3187 Μ.
591 3126 717 3187 Antonio
747 3126 882 3202 consule,
914 3141 999 3204 quem
1022 3121 1069 3182 vel

87 3207 256 3286 raecipuum
275 3207 444 3269 adiutorem·
461 3219 647 3289 speraverat,
676 3228 711 3271 ac
732 3229 768 3271 ne
786 3209 933 3290 publicum
955 3207 1069 3286 quidem

84 3300 95 3349 t
117 3291 316 3352 translativum
334 3294 379 3352 ius
395 3293 455 3354 ulla
477 3297 553 3354 inre
570 3295 624 3355 sibi
642 3296 705 3355 sine
724 3295 862 3376 pactione
878 3292 1068 3372 gravissimae

84 3376 207 3436 tercedis
225 3379 425 3457 impertiente,
453 3378 489 3439 ad
504 3380 658 3459 optimates
676 3397 708 3439 se
729 3378 866 3455 contulit,
886 3376 1068 3456 quibuscum

84 3459 185 3519 rvisum
206 3461 368 3543 sentiebat,
391 3465 516 3525 maxime
535 3464 612 3543 quod
628 3464 663 3524 D.
683 3463 800 3525 Brutum
819 3463 972 3525 obsessum
986 3459 1067 3522 ntun-
