2286 3862
105 161 146 225 88
190 173 219 222 c.
233 171 384 221 susuoru
395 170 523 230 uacuo.
536 170 584 218 ns
595 167 678 216 mul
691 166 877 217 exsonuit
887 166 963 215 nm.
976 164 1033 217 111.

106 329 253 391 consulem
273 331 376 389 iterum
404 342 614 403 censoremque
641 324 793 385 fecissent.
834 320 969 401 Drusus,
994 320 1112 387 bostium

105 414 178 474 duce
189 413 302 475 Drauso
319 411 476 473 comminus
489 408 642 487 tmcidato,
659 407 713 469 sibi
728 408 915 489 posterisque
927 406 998 467 suis
1011 426 1113 488 coquo

104 516 169 558 meu
185 500 304 558 invenit.
348 494 482 556 Traditur
495 495 580 555 etiam
596 512 650 573 pro
666 501 802 573 praetore
818 509 856 552 ex
873 492 1040 571 provincie
1057 492 1104 557 du

104 584 143 644 lia
156 582 293 644 retulisse
307 598 417 656 aurum,
434 577 598 639 Senonibus
613 578 680 639 olim
695 579 725 638 in
739 575 894 669 obsidione
910 570 1063 657 Capitolii
1074 578 1113 641 dc

104 676 178 745 tum,
198 685 269 743 nec,
290 675 320 726 ut
334 664 408 724 lama
424 672 484 737 est,
508 671 682 724 extortuma
700 660 833 722 Camillo.
877 658 958 722 Eius
976 659 1124 744 abnepcqr

104 752 141 813 cb
159 752 291 812 eximiam
306 749 447 809 adversus
462 746 613 809 Gracchos
634 764 754 826 operam
772 754 913 825 patronus
939 747 1109 811 senatasdi

104 845 183 911 ctus,
206 834 293 894 lilium
314 833 447 912 reliquit,
470 850 555 913 quem
575 834 603 892 iu
625 831 709 892 simili
724 830 909 891 dimensione
927 830 1033 895 multa
1046 833 1111 895 rarle
1142 867 1143 916 q

103 919 270 979 molientem
286 919 399 979 diversa
415 918 504 978 lectio
520 935 573 996 per
589 916 718 978 fraudem
735 914 891 975 interemit.

72 1016 90 1070 4
165 1002 252 1065 Pater
280 1003 395 1080 Tiberi,
427 1010 563 1082 quaestor
587 999 619 1061 C.
643 999 777 1061 Caesaris
802 998 1023 1063 Alexandrino
1048 1001 1108 1063 lello
1142 1061 1143 1070 ,

105 1088 192 1149 classi
207 1089 407 1168 praepositus,
426 1086 576 1164 plurimum
592 1085 627 1146 ad
641 1087 791 1146 victoriam
806 1083 941 1145 contulit.
979 1086 1078 1163 Quare
1087 1094 1125 1149 eiu
1142 1081 1143 1098 ¹

104 1173 238 1252 pontifex
259 1175 286 1230 in
307 1172 403 1230 locum
422 1169 454 1230 P.
472 1170 617 1249 Scipionis
636 1169 805 1231 substitutus
825 1177 855 1229 ct
872 1167 911 1229 ad
926 1167 1108 1233 deducendes

104 1258 132 1315 in
148 1255 268 1315 Galliam
285 1254 429 1332 colonias,
452 1255 479 1313 in
502 1255 565 1334 quis
579 1253 678 1316 Narbo
698 1263 727 1314 et
741 1252 861 1314 Arelate
884 1263 998 1335 erant,
1022 1256 1110 1317 missu

104 1347 158 1398 est.
192 1337 295 1399 l'amen
309 1337 437 1400 Caesare
453 1340 571 1416 occiso,
590 1340 701 1399 cunctis
720 1337 864 1399 turbarum
880 1346 968 1400 metu
990 1340 1109 1403 abolitio

104 1441 169 1483 nem
190 1423 259 1484 iacti
280 1423 520 1502 decernentibus,
548 1426 633 1485 etiam
653 1424 688 1484 de
711 1422 1111 1503 praemiispmannieiiarnr

103 1508 288 1569 referendum
304 1510 424 1569 censuit.
456 1508 595 1570 Praetura
609 1508 713 1569 deinde
728 1508 852 1585 iunctus,
868 1516 937 1568 cum
957 1511 1046 1573 exitu
1060 1509 1128 1573 sudu

103 1592 248 1654 discordia
269 1590 344 1654 intel
366 1594 530 1654 triumviros
550 1602 614 1655 orta
639 1601 733 1663 eseet;
762 1593 885 1652 retentis
912 1592 999 1656 ultra
1021 1597 1112 1657 iusbut

103 1685 216 1756 tempus
234 1677 394 1755 insignibus
416 1677 447 1737 t.
463 1677 619 1738 Antonium
635 1677 798 1754 consulem,
818 1677 966 1739 triumuiri
988 1679 1112 1757 tranen,

104 1760 139 1821 ad
154 1761 301 1822 Perusiam
316 1769 443 1837 secutus,
462 1759 607 1821 deditione
622 1779 638 1822 a
653 1763 760 1822 ceteris
774 1760 863 1839 iacta,
881 1760 969 1825 solue
986 1780 1112 1845 parmae

103 1846 139 1906 sit
153 1846 180 1903 in
196 1844 327 1922 partibus
344 1861 378 1904 ac
389 1846 482 1921 primo
496 1843 664 1923 Praeneste,
678 1845 744 1905 inde
757 1844 913 1927 Neapolim
929 1850 1046 1931 evasit,
1061 1866 1112 1911 eet·

102 1930 205 2007 visque
223 1927 259 1986 ad
274 1927 392 2006 pilleum
407 1927 515 1988 frustra
532 1930 644 1990 uocatis
664 1929 693 1988 in
714 1930 842 1991 Siciliam
864 1930 1018 2013 profugit.
1063 1930 1131 1995 Sede

102 2009 219 2087 indigne
240 2011 357 2088 ferens,
381 2029 437 2071 nec
452 2013 547 2072 statim
567 2031 600 2073 se
624 2016 652 2074 in
676 2022 865 2094 conspectum
887 2015 978 2079 Sexti
998 2018 1114 2099 Pompei

103 2093 254 2195 admissum
269 2105 299 2155 et
313 2096 433 2156 fascium
448 2116 500 2157 usu
514 2097 704 2177 prohibitum,
720 2098 755 2160 ad
769 2098 807 2160 tl.
822 2098 988 2163 Antonium
1004 2102 1115 2167 traiecit

102 2181 130 2238 in
144 2178 292 2241 Achaiam.
339 2179 409 2241 Cium
425 2200 496 2262 quo,
515 2180 598 2243 breui
615 2184 805 2244 reconciliata
824 2185 900 2244 inter
915 2188 1019 2249 omnis
1034 2204 1114 2269 pact,

100 2264 220 2325 Romam
234 2266 316 2345 redit,
331 2285 509 2346 uxoremque
524 2267 632 2328 Liuiam
645 2267 810 2345 Drusillam,
826 2276 856 2328 et
872 2276 941 2329 tuuc
960 2272 1114 2349 gravido!

102 2359 132 2410 et
146 2358 212 2410 ante
229 2352 283 2412 iam
299 2351 374 2431 apud
389 2369 422 2412 se
434 2352 521 2412 lilium
537 2354 659 2430 enixam,
675 2353 785 2432 petenti
797 2352 933 2430 Augusto
949 2357 1136 2419 concessitis

100 2434 164 2495 Nec
181 2435 268 2496 multo
285 2444 352 2516 post
367 2436 442 2497 diem
459 2438 546 2515 obiit,
562 2445 684 2517 utroque
700 2436 856 2498 liberorum
873 2442 1057 2521 superstite,
1072 2440 1115 2503 'li-

102 2518 184 2578 herio
199 2519 353 2599 Drusoque
368 2519 543 2582 Neronibus.

69 2607 86 2661 b
164 2601 309 2662 Tiberium
324 2603 437 2682 quidam
453 2605 559 2666 Fundis
575 2614 669 2666 natum
685 2606 937 2683 existimauerunt,
957 2612 1063 2671 secuti
1077 2610 1115 2671 lc·

100 2702 166 2744 uem
181 2688 393 2764 coniecturam,
412 2690 488 2767 quod
502 2700 631 2752 materna
647 2691 708 2750 eius
724 2691 788 2751 auia
806 2688 944 2751 Pandare
956 2690 1074 2773 luerit,
1089 2702 1117 2754 et

101 2768 177 2848 quod
192 2787 260 2830 mox
280 2771 461 2831 simulacrum
475 2773 634 2835 Felicitatis
654 2792 692 2834 ex
707 2775 737 2834 S.
754 2772 786 2835 (l.
806 2772 986 2854 publicatum
1007 2776 1053 2839 ibi
1068 2778 1140 2840 sita

101 2852 159 2913 Sed
172 2862 202 2914 ut
216 2854 315 2933 plures
333 2859 532 2939 certioresque
548 2859 674 2936 tradunt,
690 2867 773 2919 natus
793 2867 837 2919 est
850 2859 963 2920 Romae
980 2861 1013 2921 iu
1027 2860 1115 2925 Pala

100 2939 139 2999 tio
164 2938 242 2999 XVI.
267 2939 331 3001 Kal.
349 2940 421 3002 Dec.
445 2942 483 3004 tl.
506 2944 629 3005 Aemilio
648 2942 757 3022 Lepido
780 2944 898 3022 iterum,
924 2943 954 3003 b.
976 2944 1115 3009 Munatio

100 3023 206 3084 Planco
225 3042 322 3085 conse.
343 3044 398 3104 per
418 3026 526 3088 bellum
547 3027 743 3106 Philippense.
791 3028 840 3087 Sic
863 3029 938 3090 enim
958 3028 991 3089 iu
1013 3029 1115 3093 iustos

100 3117 220 3187 actaque
237 3112 265 3170 in
280 3108 395 3189 publica
410 3111 530 3173 relatum
545 3120 599 3173 est.
617 3111 681 3172 Nec
697 3120 792 3173 tamen
804 3110 918 3191 desunt,
932 3114 983 3193 qui
1001 3116 1114 3194 partim

100 3193 290 3254 antecedente
312 3212 403 3274 anno,
417 3195 491 3256 llirti
519 3216 554 3258 ac
567 3196 695 3274 Pansae,
718 3198 820 3276 partim
841 3197 1019 3277 insequenti,
1040 3200 1141 3261 Ser-at

100 3277 149 3336 uili
160 3278 280 3339 Isaurici
297 3279 327 3339 b.
344 3297 401 3359 que
416 3280 534 3343 Antonii
552 3282 718 3359 consulatu,
740 3283 867 3360 genitum
885 3299 950 3343 eum
963 3282 1112 3345 scribant

69 3369 87 3427 a
160 3361 309 3424 Infantiam
331 3366 538 3444 pueritiamque
563 3364 661 3426 habuit
685 3364 859 3428 laboriosam
881 3373 911 3426 et
934 3368 1112 3447 exercitant,

100 3463 198 3508 comes
212 3465 303 3527 usque
315 3467 427 3529 quaque
443 3458 592 3529 parentum
605 3451 709 3530 sugam
725 3468 797 3531 quos
809 3449 924 3530 quidem
938 3451 1018 3531 apud
1028 3450 1111 3515 Nea·
