2286 3862
248 185 525 234 onrnnmrouuu
544 185 725 236 nreeonou
744 186 943 247 amicorum.
1036 173 1098 238 ort

165 341 324 417 Innocens,
345 340 491 420 innoxius]
515 341 655 402 innocens
676 349 722 401 est
743 341 848 401 nemini
869 358 995 420 nocens,
1016 341 1098 402 inno·

102 427 167 488 xius
183 426 267 506 culpa
282 423 435 485 cuiuslibet
451 426 574 485 criminis
588 445 706 487 vacuus.

166 509 298 570 lnducias
325 509 429 569 ioedus
457 516 486 568 et
505 527 608 588 pacem
631 510 689 570 boc
710 511 845 587 interest,
868 508 947 588 quod
967 507 1099 570 induciae

103 611 221 654 numero
230 594 339 653 dierum
354 593 495 671 liniuntur,
508 593 585 671 quod
599 602 627 653 et
640 602 819 672 sequestram
835 610 938 673 pacem
952 591 1101 672 appellant

75 691 90 730 c
102 685 146 739 ut:
158 694 241 756 poce
257 682 419 757 sequestro
432 675 489 737 Bis
502 693 594 738 senos
604 678 751 756 pepr‘pere
769 677 856 749 dics;
872 677 976 737 foedus
991 678 1020 735 in
1034 693 1099 755 per·

102 771 220 839 petuum
235 762 325 820 autin
341 778 478 821 annorum
494 770 603 821 certum
621 779 765 821 numerum
779 762 886 829 fertur3
908 780 966 840 pan
984 778 1047 819 cum
1064 774 1100 818 eo

102 844 213 922 populo
235 845 424 924 conponitur,
455 845 503 924 qui
526 844 699 905 imbecillior
720 855 764 905 est
785 845 877 905 altero
901 844 1100 923 praevalente,

103 929 151 1006 qui
167 928 311 989 existimet
325 930 410 989 tutius
426 946 494 989 esse
509 929 563 988 sibl
580 927 760 989 descendere
775 929 803 988 in
818 927 1001 989 conditiones
1017 927 1101 1006 pacis

103 1029 187 1089 quam
204 1011 316 1072 dubiam
331 1011 401 1071 belli
415 1013 558 1072 fortunam
572 1013 711 1092 experiri.

61 1106 91 1146 ¹⁰
165 1096 280 1170 Laniat,
304 1095 442 1172 lancinat,
464 1096 573 1157 lacerat
595 1097 653 1156 boc
670 1096 780 1173 differt,
803 1095 879 1176 quod
897 1095 984 1155 laniat
996 1095 1100 1170 lanius,

102 1197 165 1238 curn
180 1178 307 1239 membra
324 1179 469 1258 deccrpit;
491 1179 600 1240 lacerat
614 1181 662 1259 qui
683 1178 812 1258 partibus
833 1181 892 1238 suis
907 1178 1035 1238 membra
1051 1177 1101 1239 de·

101 1263 207 1327 stituit;
229 1263 354 1321 lancinat
369 1265 416 1341 qui
430 1264 566 1323 inutiliter
580 1263 707 1324 membra
722 1263 871 1341 discerpit.

164 1343 265 1402 Lustra
294 1345 436 1422 producte
465 1355 494 1403 et
512 1347 602 1405 lustra
628 1356 764 1425 correpte
784 1346 842 1405 lroc
863 1348 1000 1423 interest,
1024 1343 1102 1424 quod

101 1427 192 1487 lustra
209 1434 288 1485 certa
303 1436 434 1505 tempora
451 1436 523 1504 sunt,
538 1429 628 1486 lustra
644 1428 905 1488 latibulaierarum
917 1428 964 1487 vel
977 1430 1101 1506 turpium

63 1530 92 1571 ns
104 1510 247 1571 hominum
267 1510 464 1590 receptacula.

165 1594 303 1672 Legatum
325 1604 354 1654 et
376 1594 534 1673 oratorem]
557 1591 671 1669 legatus
687 1593 794 1671 legitur
811 1593 847 1653 ad
870 1594 997 1653 ollicium
1023 1613 1039 1654 a
1062 1594 1100 1654 ci·

100 1682 206 1748 vitate:
230 1687 328 1740 orator
346 1678 381 1739 ad
398 1677 533 1739 orandum
551 1678 671 1754 missus,
688 1678 728 1737 uti
755 1678 814 1738 orr's
838 1679 950 1738 ratione
973 1687 1102 1757 exponat

100 1764 128 1824 id
143 1762 220 1842 quod
235 1764 316 1842 petit.

10 1904 24 1917 ,,
164 1846 285 1908 Liberos
308 1856 336 1908 et
353 1847 442 1926 lilios}
462 1847 511 1907 lilii
528 1846 687 1908 masculino
705 1863 817 1924 genere
834 1855 994 1925 ponuntur,
1015 1844 1102 1907 liberi

10 1930 24 1950 '¹
62 1948 92 1989 ao
100 1932 129 1990 in
145 1939 270 2008 utroque
287 1949 373 1999 sexu:
398 1940 427 1990 et
443 1931 519 2008 quod
539 1931 590 1991 filii
605 1932 634 1991 in
649 1949 796 1992 numerum
818 1930 994 2008 singularem
1015 1947 1100 1990 revo-

102 2014 161 2074 cari
177 2023 314 2092 possunt,
330 2014 416 2073 liberi
431 2032 488 2074 non
503 2025 637 2094 possunt;
658 2015 758 2093 (nemo
774 2016 848 2075 enirn
861 2015 930 2074 dicit
951 2016 998 2093 qui
1013 2014 1101 2076 babet

21 2160 24 2169 ,
100 2115 185 2156 unum
202 2097 304 2158 lilium:
327 2116 412 2157 unum
426 2097 548 2158 liberum
561 2098 673 2179 habeo)
689 2102 756 2158 item
775 2099 853 2178 quod
868 2098 908 2159 lili
925 2100 1016 2159 omnis
1032 2116 1099 2158 con·

10 2168 21 2243 ¹,
101 2182 217 2241 ditionis
233 2182 455 2260 intelleguntur,
476 2191 534 2242 tam
551 2184 630 2242 servi
646 2200 730 2263 quam
744 2184 879 2260 ingenui,
900 2181 983 2242 liberi
1005 2192 1100 2243 autem

10 2246 24 2313 d
100 2282 158 2324 non
175 2266 305 2326 dicuntur
319 2266 374 2324 nisi
388 2268 435 2344 qui
452 2264 487 2326 ab
503 2267 634 2344 ingenuis
651 2277 815 2327 nascuntur.

65 2369 91 2410 as
162 2349 258 2427 Leges
277 2359 306 2410 et
320 2351 381 2411 iura
396 2349 454 2410 hoc
469 2350 580 2428 differt,
603 2351 681 2429 quod
700 2351 760 2410 iura
776 2360 895 2431 reperta
911 2360 976 2410 sunt
992 2349 1028 2411 ab
1046 2350 1098 2411 bo·

10 2434 23 2478 ¹·
99 2441 182 2491 nesta
203 2434 427 2503 consuetudine;
453 2433 542 2518 (unde
563 2436 647 2495 etiam
663 2437 707 2495 ius
724 2444 752 2495 et
773 2435 881 2495 iustitia
904 2436 965 2515 pari
986 2435 1100 2495 ratione

16 2527 28 2588 t
100 2515 231 2575 dicuntur
246 2516 281 2577 ab
297 2518 380 2578 unius
396 2519 534 2598 cuiusque
549 2516 626 2601 iure)
644 2519 738 2598 leges,
757 2519 832 2598 quod
849 2519 963 2579 electae
980 2520 1037 2578 sint
1052 2517 1100 2578 vel

10 2612 28 2674 d
99 2603 257 2660 sententias
271 2603 361 2661 artius
376 2603 468 2681 ligent
484 2622 535 2664 seu
550 2602 679 2680 alligent.

10 2692 25 2746 r
161 2684 320 2762 Legionem
345 2696 373 2746 et
391 2688 539 2767 dilectum]
559 2687 638 2765 legio
654 2686 757 2748 dicitur
775 2688 902 2748 virorum
919 2687 1026 2749 electio
1039 2687 1097 2748 lor·

10 2779 28 2830 rt
62 2768 167 2828 otium
182 2769 230 2828 vel
248 2781 344 2832 certus
361 2771 478 2832 militum
493 2790 639 2849 numerus,
654 2770 683 2831 id
699 2781 744 2831 est
756 2773 787 2839 V.
803 2785 859 2839 oo;
884 2770 1008 2832 dilectos
1024 2787 1099 2852 quos

10 2854 28 2913 d
98 2853 222 2910 manime
237 2852 398 2932 diligimus,
420 2865 450 2915 ut
465 2856 540 2917 lilios
555 2864 694 2936 parentes
709 2863 852 2934 cognatos
868 2855 917 2914 vel
933 2855 1049 2915 iratres.

10 2946 28 3023 ,t
158 2933 324 2996 Ludibrium
349 2946 378 2997 et
403 2939 556 3019 ludicrum]
583 2939 734 3000 ludibrium
754 2941 783 2998 in
807 2939 926 3000 alterius
949 2940 1096 3007 iniuriam:

10 3031 28 3097 rt
97 3018 237 3079 ludicrum
257 3038 313 3099 quo
332 3021 387 3099 ipsi
406 3021 582 3083 delectamur
595 3024 657 3083 sine
673 3025 839 3102 cuiusquam
856 3022 1038 3084 contumelia.

10 3108 28 3164 'r
160 3103 201 3164 lili
223 3104 339 3164 etmihi
360 3103 416 3164 hoo
433 3104 543 3182 differt,
561 3107 599 3166 mi
620 3124 781 3185 pronomen
802 3116 847 3168 est
862 3108 990 3169 vocativi
1012 3124 1097 3168 casus

62 3186 127 3246 ²⁵et
142 3187 253 3247 venito
270 3189 444 3249 nominativo
461 3208 557 3259 meus;
580 3190 647 3250 milri
664 3192 855 3271 compositum
869 3209 1031 3271 pronomen
1045 3189 1094 3251 da·

10 3280 28 3345 ,t
96 3271 147 3330 tivi
165 3289 264 3340 casus:
288 3282 317 3332 et
331 3274 368 3332 mi
385 3271 539 3352 aliquando
555 3273 670 3352 ponitur
685 3293 740 3355 pro
757 3275 896 3337 adverbio
918 3275 1045 3337 adfativo
1065 3282 1096 3334 ut

10 3374 28 3428 p
95 3355 167 3417 vole
181 3355 224 3416 mi
231 3355 336 3434 frater
349 3357 514 3419 carissime
531 3358 612 3419 mibi.

158 3440 313 3502 Miseratus
336 3451 366 3502 et
385 3442 531 3522 misertus}
554 3442 630 3522 quod
645 3444 775 3505 miserari
798 3444 969 3507 calamitatis
989 3451 1018 3503 et
1033 3441 1094 3504 ior·
