2334 3870
136 198 174 261 18
218 209 249 258 c.
266 207 417 258 sennenn
435 205 562 268 unaue.
581 206 628 253 on
644 205 726 252 vrrs
742 203 927 253 onssnaorr
942 204 1013 253 ure.
1032 206 1054 254 1.

135 364 279 448 equitibus
294 363 361 424 hinc
383 371 412 422 et
427 362 492 423 iude
509 362 680 422 commissis.
717 359 790 421 Nam
808 376 865 439 quo
879 359 973 421 laxius
989 357 1142 422 dimicare·

134 461 197 529 tur,
219 449 350 511 sublatae
365 455 459 507 metae
476 447 563 524 inque
579 464 676 505 earum
692 445 788 505 locum
802 443 869 504 bina
886 453 980 504 castra
998 443 1142 508 exadver-

135 555 197 596 sum
220 534 373 595 constituta
397 539 488 591 eraut.
532 529 686 605 Athletae,
710 529 802 590 stadio
819 528 855 589 ad
877 537 990 609 tempus
1007 537 1144 592 extructo

135 621 257 697 regione
272 617 356 678 llarti
373 615 480 693 campi,
498 621 682 674 certaverunt
700 631 754 693 per
772 612 905 674 triduum.
934 613 1040 674 Navali
1056 632 1142 694 proe-

135 703 229 781 lio,-iu
247 703 358 762 minore
375 697 487 759 Codeta
506 698 626 759 defosso
643 699 709 758 lacu
724 697 850 757 biremes
872 715 907 758 ac
921 699 1055 761 triremes
1069 714 1160 776 qua-s

135 789 335 862 driremesque
350 783 456 858 Tyriae
479 793 508 844 et
524 783 692 862 Aegyptiae
708 783 812 843 classis
826 799 932 860 magno
947 790 1139 862 pugnatorum

135 887 255 931 numere
270 868 471 930 condixerunt.
515 866 562 927 Ad
578 884 651 946 quae
669 869 763 927 omnia
779 866 949 947 spectacula
964 875 1074 928 tantum
1092 886 1140 927 uu·

136 955 222 1034 dique
239 953 376 1014 conduxit
390 953 550 1028 hominnm,
565 960 595 1010 ut
610 951 743 1030 plerique
760 951 890 1012 advenae
905 960 953 1013 aut
968 951 1045 1012 inter
1057 952 1143 1013 nicos

136 1048 184 1100 aut
200 1040 276 1099 inter
295 1039 358 1098 rias
377 1035 573 1098 tabernaculis
594 1036 699 1114 positis
718 1044 881 1106 manerent;
905 1052 941 1096 ac
962 1053 1057 1116 saepe
1072 1054 1143 1116 prae

135 1121 219 1183 turba
236 1122 300 1182 elisi
316 1121 528 1198 exanimatique
552 1118 609 1178 sint
625 1118 738 1197 plurimi
753 1129 782 1179 et
798 1120 827 1178 in
842 1119 888 1180 his
904 1119 961 1181 duo
977 1129 1162 1184 senatoresr

93 1220 129 1273 40
202 1204 371 1266 Conversus
385 1203 453 1264 lrinc
464 1204 500 1264 ad
513 1203 700 1264 ordinandum
712 1204 756 1262 rei
770 1203 906 1283 publicae
921 1213 1035 1282 statum,
1047 1205 1142 1265 iastos

140 1289 287 1365 correxit,
306 1291 362 1348 iam
378 1287 489 1367 pridem
504 1288 573 1348 vitio
590 1288 757 1366 pontificum
777 1306 831 1367 per
847 1287 1034 1350 intercalandi
1048 1288 1138 1348 licen-

136 1376 204 1435 tiam
220 1372 295 1434 adeo
317 1371 465 1450 turbatos,
487 1384 517 1432 ut
537 1389 633 1450 neque
651 1373 787 1432 messium
805 1372 897 1433 feriae
919 1380 1029 1434 aestate
1043 1389 1138 1451 neque

135 1458 343 1518 vindemiarum
357 1464 491 1518 autumno
510 1465 717 1536 conpeterent;
735 1475 898 1536 annumque
915 1457 953 1518 ad
969 1474 1083 1518 cursum
1094 1474 1140 1517 so·

136 1543 172 1602 lis
186 1540 432 1618 accommodavit,
456 1551 486 1601 ut
502 1549 699 1602 trecentorum
722 1543 874 1619 sexaginta
890 1542 1018 1620 quinque
1034 1541 1162 1606 dierumr

138 1633 226 1705 esset,
243 1635 272 1687 et
287 1625 472 1687 intercalario
488 1643 588 1685 mense
603 1625 719 1685 sublato
738 1644 811 1686 unus
825 1624 888 1685 dies
905 1634 1009 1704 quarto
1026 1643 1143 1705 qnoque

137 1712 220 1771 anno'
235 1709 466 1770 intercalaretur.
502 1710 566 1783 Quo
589 1716 683 1769 antem
703 1710 797 1786 magis
817 1711 1014 1789 inposterum
1035 1728 1074 1770 ex
1087 1709 1142 1771 lla·

137 1791 232 1852 leudis
246 1791 388 1852 Ianuariis
404 1794 490 1855 noris
507 1802 669 1870 temporum
685 1795 759 1853 ratio
778 1803 972 1872 congrueret,
993 1795 1071 1855 inter
1084 1794 1142 1855 No·

137 1874 285 1936 vembrem
307 1893 343 1935 ac
356 1874 549 1936 Decembrem
563 1893 692 1937 mensem
710 1876 855 1938 interiecit
874 1878 949 1940 duos
963 1877 1053 1939 alios:
1079 1879 1142 1940 fuit·

138 1977 195 2038 que
210 1958 236 2019 i's
252 1976 359 2035 annus,
376 1976 434 2038 quo
450 1960 526 2020 haec
542 1958 803 2039 constituebantur,
822 1961 987 2042 quindecim
1001 1963 1143 2024 mensium

140 2060 204 2103 oum
220 2042 427 2121 intercalario,
452 2047 500 2123 qui
516 2063 553 2104 ex
570 2045 779 2107 cousuetudine
791 2048 820 2106 in
834 2065 900 2108 eum
915 2064 1019 2107 annum
1033 2046 1142 2108 incide·

94 2143 128 2196 41
139 2135 193 2187 rat.
226 2126 363 2188 Senatum
380 2129 542 2208 supplevit,
568 2130 709 2208 patricios
731 2130 857 2209 adlegit,
882 2139 1048 2211 praetorum
1065 2131 1143 2194 aedi·

137 2211 207 2272 lium
234 2220 433 2290 quaestorum,
469 2214 610 2274 minorum
644 2214 729 2275 etiam
753 2217 969 2293 magistratuum
994 2233 1144 2277 numerum

139 2295 301 2374 ampliavit3
323 2295 447 2358 nudatos
467 2316 561 2378 opere
581 2299 716 2360 censorio
734 2309 782 2361 aut
802 2301 945 2361 sententia
957 2299 1083 2362 indicam
1103 2298 1142 2361 de

138 2379 247 2440 ambitu
263 2379 471 2444 condemnatos
493 2383 625 2443 restitnit.
653 2381 775 2444 Comitia
800 2402 862 2444 cum
883 2383 994 2463 populo
1018 2384 1143 2465 partitos

137 2471 184 2524 est
199 2470 245 2539 ut,
265 2467 399 2544 exceptis
412 2466 577 2526 consulatus
590 2467 837 2545 conpetitoribus,
854 2467 890 2528 de
905 2475 1005 2530 cetero
1020 2486 1142 2530 numero

137 2545 355 2608 candidatorum
371 2566 426 2627 pro
445 2559 527 2628 perte
543 2549 657 2609 dimidia
678 2568 753 2628 quos
769 2552 895 2631 populus
909 2551 1001 2614 vellet
1016 2570 1143 2634 pronun·

136 2628 293 2706 tierentur,
315 2649 369 2710 pro
392 2641 474 2710 parte
498 2632 590 2701 altera
610 2651 685 2711 quos
705 2635 772 2713 ipse
793 2635 941 2697 edidisset.
976 2634 1016 2699 Et
1036 2636 1144 2699 edebat

137 2728 190 2788 per
206 2710 324 2774 libellos
342 2716 449 2776 circum
471 2715 575 2776 tribum
594 2718 701 2779 missos
722 2720 867 2799 scriptura
884 2719 985 2783 brevi:
1018 2719 1144 2785 camur

136 2792 273 2867 dictator
297 2797 345 2859 illi
364 2797 469 2860 tribui.
508 2797 692 2863 Commendo
712 2802 836 2865 codini
990 2806 996 2821 ⁸
1111 2810 1163 2869 ute

136 2883 239 2939 cestro
255 2879 407 2962 euffropio
422 2901 513 2944 suom
528 2883 707 2964 dignitatem
726 2893 858 2951 teneant.
888 2888 1012 2952 Admisit
1032 2890 1070 2954 ad
1111 2908 1142 2953 e·

138 2979 228 3022 nores
244 2972 274 3025 et
289 2968 522 3046 proscriptorum
537 2969 658 3031 liberos.
694 2970 803 3033 Iudicia
821 2973 858 3034 ad
872 2973 929 3035 dno
944 2992 1056 3054 genera
1071 2974 1143 3037 indi·

138 3064 202 3107 cum
212 3046 342 3127 redegit,
356 3054 501 3129 equestris
517 3053 627 3114 ordinis
639 3073 674 3116 ac
686 3057 824 3118 senatorii
832 3080 840 3128 ;
853 3057 985 3120 tribanos
997 3062 1141 3140 neurius,

136 3130 214 3209 quod
230 3142 293 3194 erat
309 3136 436 3212 tertium,
453 3139 575 3199 sustulit.

201 3215 366 3279 Recensum
385 3222 487 3300 populi
501 3240 557 3283 nec
575 3240 657 3284 more
671 3243 727 3286 nec
742 3226 811 3288 loco
828 3226 934 3307 solito,
957 3226 1011 3289 sed
1024 3228 1142 3291 vicatim

138 3316 192 3374 per
213 3300 347 3364 domines
370 3304 526 3368 insularum
547 3309 620 3386 egit,
643 3317 730 3388 atque
752 3328 801 3371 ex·
814 3312 916 3390 viginti
941 3312 1143 3393 trecentisque

134 3383 250 3446 milibus
274 3391 477 3470 accipientium
497 3391 668 3453 frumentum
688 3413 705 3455 e
728 3395 846 3475 publico
870 3394 907 3458 ad
929 3392 1043 3459 centum
1058 3398 1141 3479 qoin-

137 3470 276 3547 quaginta
299 3476 436 3548 retranit;
460 3494 495 3538 ac
512 3494 550 3537 ne
572 3477 620 3556 qui
634 3479 703 3542 ueri
726 3488 829 3542 coetus
848 3482 1033 3545 recensionis
1052 3498 1141 3547 musa
