2334 3870
430 203 534 253 arvus
556 204 679 252 numus.
1039 188 1056 250 i

58 357 181 419 Cimbris
197 366 283 436 atque
296 357 450 436 Teutonis,
466 357 534 417 olim
549 357 655 420 aSulla
667 358 800 435 disiecta,
816 359 959 435 restituit,
971 365 1058 436 atque

57 451 85 508 in
108 445 270 508 exercenda
289 444 324 505 de
347 445 449 503 straus
471 445 641 520 quaestione
670 461 725 504 eos
751 459 869 522 quoque
893 443 1062 503 sicariorum

57 549 174 593 numero
192 531 307 606 babuit,
331 528 379 607 qui
397 528 612 605 proscriptione
632 528 669 587 ob
691 527 784 588 relata
801 528 905 587 civium
916 527 1060 588 Romano.-

57 635 116 676 rum
134 617 229 695 capita
252 614 393 694 pecunias
414 628 452 669 ex
468 613 582 671 aerario
606 621 797 692 acceperant,
820 629 993 690 quamquam
1010 629 1059 670 ex-

26 723 41 764 s
57 710 161 780 ceptus
177 699 313 759 Cornelis
333 695 460 773 legibus.
494 696 667 755 Subornavit
686 698 770 756 etiam
786 696 834 774 qui
851 694 923 757 Gaio
938 695 1058 757 Rabirio
1071 710 1104 761 lx

10 812 11 817 ¹
56 784 266 864 perduellionis
288 781 363 841 diem
385 779 513 856 diceret,
536 796 594 857 quo
616 781 774 858 praecipuo
799 779 929 841 adiutore
951 779 1062 858 aliquot

56 876 123 928 ante
139 883 230 926 anuos
240 865 309 926 Luci
324 865 467 925 Saturnini
480 862 649 923 seditiosum
662 861 833 923 tribunatum
847 873 964 925 senatus
977 882 1060 924 coer·

57 960 175 1026 onerat,
191 969 225 1010 ac
241 960 320 1011 sorte
337 949 424 1009 index
439 949 467 1007 in
479 966 560 1007 reum
575 948 678 1008 ductus
693 956 750 1006 tam
767 947 871 1025 cupide
890 949 1060 1009 condemna·

55 1035 109 1113 vit,
128 1043 156 1093 nt
171 1034 207 1093 ad
223 1034 361 1114 populum
375 1033 549 1112 provocanti
569 1031 640 1091 nihil
663 1049 759 1111 aeque
776 1049 811 1091 ac
832 1029 935 1091 iudicis
951 1031 1061 1092 acerbi·

10 1133 45 1193 ao
55 1129 101 1182 tas
117 1119 267 1198 profuerit.
290 1117 433 1197 Deposita
448 1117 618 1196 provinciae
633 1134 688 1195 spe
701 1116 898 1194 pontilicatum
911 1115 1062 1176 maximum
1073 1124 1106 1179 13

10 1239 12 1277 ᾗ
54 1206 144 1285 petit,
163 1221 220 1263 non
233 1205 295 1262 sine
312 1203 512 1282 profusissima
528 1201 700 1280 largition03
725 1202 753 1260 in
772 1219 828 1280 qna
849 1210 990 1280 reputans
1005 1218 1062 1261 ma·

10 1324 13 1365 ,
53 1287 231 1367 gnitudiuem
256 1290 332 1348 aeris
350 1287 450 1362 alieni,
474 1305 537 1346 cnm
557 1305 640 1346 mane
663 1286 699 1345 ad
719 1286 832 1346 comitia
857 1284 1061 1361 descenderet,

10 1406 13 1450 Ι
54 1371 238 1451 praedixisse
254 1372 337 1430 matri
353 1369 494 1428 osculanti
506 1371 613 1445 lentur,
629 1369 751 1430 domum
765 1388 799 1429 ae
812 1369 875 1430 rts'ai
887 1371 1063 1447 pontificem

11 1498 14 1503 -
54 1470 339 1516 maurecenorum.
366 1450 463 1529 Atque
480 1453 519 1509 ita
531 1452 749 1527 potentissimos
765 1452 838 1510 duos
854 1455 1063 1529 competitores
1146 1505 1149 1512 .

18 1538 232 1616 atmultumque
250 1543 280 1596 et
297 1543 391 1595 aetate
414 1543 443 1592 et
465 1533 604 1610 dignitate
620 1533 827 1594 antecedentes
847 1535 1013 1611 superavit,
1035 1543 1082 1593 ut'

10 1610 15 1708 j
56 1623 140 1704 plura
157 1623 221 1700 ipse
243 1623 272 1680 iu
293 1636 392 1679 eorum
409 1616 540 1679 tribubus
556 1617 694 1694 suliragia
716 1634 801 1696 quarn
816 1625 939 1695 uterque
957 1619 985 1676 in
1004 1634 1062 1677 om·

53 1707 138 1766 nibus
153 1706 259 1765 tulerit.

10 1836 15 1877 Ι
117 1790 239 1851 Praetor
262 1797 392 1867 creatus,
421 1789 536 1849 detecta
560 1788 759 1849 coniuratione
782 1786 923 1849 Catilinae
945 1796 1107 1858 senatu-14

10 1922 15 1962 ,
55 1894 111 1955 que
132 1876 269 1935 universo
291 1875 320 1933 in
340 1875 440 1935 socios
462 1873 601 1933 iacinoris
621 1872 746 1933 ultimam
764 1881 907 1934 statuente
925 1865 1060 1951 poenam,

10 1975 45 2027 :²⁰
56 1960 139 2021 solus
153 1959 349 2038 municipatim
369 1957 539 2018 dividendos
553 1957 819 2036 custodiendosque
837 1956 992 2037 publicatis
1009 1955 1061 2017 bo·

10 2038 14 2109 t
54 2046 100 2104 nis
118 2045 239 2103 censuit.
272 2041 345 2116 Quin
362 2051 389 2101 et
406 2050 513 2103 tantum
529 2050 635 2102 metum
651 2042 749 2102 iniecit
773 2042 924 2121 asperiora
940 2042 1060 2103 suaden-

10 2122 13 2203 ζ
56 2128 149 2204 tibus,
176 2125 331 2185 identidem
351 2133 500 2186 ostentans
522 2135 627 2205 quanta
643 2143 696 2187 eos
718 2128 747 2185 in
764 2135 913 2205 posterum
934 2144 951 2187 a
971 2125 1062 2209 plebe

10 2248 12 2273 ;
55 2213 186 2273 Romana
211 2217 341 2270 maneret
357 2208 477 2286 inuidia,
494 2220 525 2270 ut
538 2209 687 2270 Decimum
702 2210 830 2270 Silanum
850 2210 1001 2271 consulem
1013 2209 1062 2271 de·

56 2299 200 2374 signatum
227 2312 285 2355 non
308 2295 437 2373 piguerit
456 2295 627 2354 sententiam
648 2313 746 2372 suam,
771 2296 836 2373 quia
852 2303 962 2354 mutare
979 2303 1062 2372 turpe

15 2393 44 2436 rs
57 2388 135 2458 erat,
156 2380 398 2459 interpretatione
417 2377 528 2456 lenire,
549 2378 630 2438 velut
654 2380 773 2458 gravius
796 2387 882 2458 atque
906 2379 970 2457 ipse
999 2396 1062 2436 sen·

56 2466 144 2525 sisset
159 2473 322 2543 exceptam.
343 2462 521 2524 Obtinuisset
532 2462 624 2542 adeo,
640 2462 814 2524 transductis
827 2465 882 2524 iam
899 2462 934 2523 ad
952 2480 985 2522 se
1001 2461 1063 2541 plu·

55 2548 135 2610 ribus
153 2556 184 2609 et
204 2549 233 2607 in
250 2546 295 2609 bis
311 2546 455 2609 Cicerone
472 2547 601 2609 consulis
616 2547 722 2627 fratre,
745 2549 801 2609 nisi
823 2547 968 2608 labantem
987 2545 1063 2607 ordi·

55 2652 121 2694 nem
140 2633 341 2694 confirmasset
355 2632 393 2694 ll.
410 2630 529 2694 Catonis
551 2634 654 2693 oratio.
685 2633 731 2693 Ac
750 2651 787 2693 ne
809 2633 853 2694 sic
876 2631 991 2711 quidem
1013 2633 1060 2691 im·

56 2719 157 2797 pedire
174 2736 236 2779 rem
253 2716 377 2797 destitit,
395 2716 491 2795 quoad
506 2736 605 2778 manns
618 2718 743 2796 equitum
758 2718 970 2795 Romanorum,
988 2734 1062 2795 quae

13 2816 44 2858 so
59 2811 166 2863 armata
183 2801 322 2882 praesidii
346 2820 433 2863 causa
455 2802 673 2881 circumstabat,
696 2801 902 2863 inmoderatius
923 2819 1062 2881 perseve·
1120 2810 1122 2814 ’

55 2887 129 2946 ranti
145 2904 246 2946 necem
265 2889 435 2947 comminata
452 2895 509 2965 est,
532 2888 616 2948 etiam
639 2887 757 2948 strictos
777 2884 894 2964 gladios
913 2904 1005 2965 usque
1026 2902 1062 2944 eo

55 2970 211 3048 intentans,
220 2977 250 3029 ut
263 2969 413 3031 sedentem
423 2989 477 3031 una
489 2973 611 3050 proximi
623 2972 814 3049 deseruerint,
825 2972 875 3031 vix
888 2971 974 3050 pauci
987 2987 1062 3031 com·

53 3054 145 3135 plexu
160 3063 289 3132 togaque
308 3053 423 3115 obiecta
435 3059 624 3134 protexerint.
651 3056 732 3117 'lunc
745 3057 831 3135 plane
842 3054 996 3116 deterritus
1007 3071 1065 3113 uon

52 3137 141 3199 modo
160 3139 266 3216 cessit,
290 3137 343 3199 sed
360 3139 431 3198 etin
448 3139 589 3219 reliquum
611 3141 676 3199 anni
693 3149 807 3220 tempus
826 3140 904 3201 curia
920 3139 1063 3200 abstinuit.

10 3235 41 3278 se
120 3223 215 3285 Primo
231 3231 386 3302 praeturae
408 3221 454 3283 die
471 3223 604 3300 Quintum
617 3222 747 3284 Catulum
770 3224 806 3286 de
826 3223 989 3285 relectione
1008 3221 1106 3283 tta-15

54 3305 138 3388 pitoli
154 3306 189 3368 ad
200 3306 430 3386 disquisitionem
442 3309 543 3388 populi
554 3311 687 3387 vocavit,
702 3311 857 3389 rogatione
867 3307 1061 3389 promulgata,

53 3408 114 3472 qua
129 3392 306 3453 curationem
319 3410 381 3453 eam
397 3393 425 3452 in
442 3392 527 3454 alium
538 3394 747 3464 transierebat;
767 3412 868 3454 verum
883 3395 975 3473 impar
990 3392 1060 3472 opti-

53 3476 172 3537 matium
187 3477 414 3558 conspirationi,
432 3495 506 3556 qnos
525 3478 627 3540 relicto
644 3479 739 3540 statim
755 3496 896 3542 novorurm
912 3477 1061 3540 consulum
