2334 3870
361 184 724 234 orvusvusrasrauus.
990 172 1050 236 233

55 339 153 420 pilum
169 344 377 415 materanos
393 356 505 400 mores.
545 340 616 400 Sunt
634 349 734 400 contra
759 341 806 419 qui
827 340 995 419 opinentur,
1016 339 1052 400 ad

58 422 202 483 manubias
226 432 254 482 et
276 424 393 502 rapinas
414 424 592 483 necessitate
616 423 797 504 compulsum
817 441 924 484 summa
949 425 1051 485 aerarii

58 508 179 587 liscique
195 507 309 585 inopia;
327 504 363 565 de
380 523 435 584 qua
449 507 617 568 testificatus
639 510 677 567 sit
697 509 779 567 initio
795 508 888 567 statim
909 508 1057 587 principa*

57 601 120 669 tus,
146 591 300 670 professus
324 589 574 669 quadringenties
591 591 703 653 millies
718 608 797 670 opus
815 608 892 666 esse,
907 598 941 650 nt
954 609 1049 670 resp.

37 683 145 738 estere
158 680 274 753 posset.
300 673 383 749 Quod
401 681 430 733 et
445 674 508 733 reri
523 676 642 734 similius
657 677 787 752 videtur,
803 674 916 754 wando
934 684 964 733 at
978 675 1052 733 male

57 762 148 838 partis
166 759 274 836 optime
290 775 359 817 usus
375 766 430 816 est.
469 756 502 817 ln
518 775 602 817 omne
616 758 759 818 hominum
773 776 867 836 genus
883 757 1052 818 liberalissi·
1061 773 1092 827 17

56 861 134 918 mus,
157 840 287 921 explerit
303 858 419 901 censum
444 843 633 918 senatorium,
656 842 824 902 consulares
844 843 948 923 inopes
972 842 1050 920 quio·

57 926 142 1001 genis
159 925 300 984 sestertiis
315 926 415 985 annuis
431 929 613 1003 sustentauit,
629 925 766 1004 plurimas
783 942 835 1002 per
846 935 935 984 totum
951 925 1052 984 orbern

58 1009 190 1068 civitates
206 1017 393 1068 terraemotu
409 1018 456 1069 aut
473 1009 606 1070 incendio
622 1008 745 1070 alllictas
762 1009 887 1068 restituit
902 1010 929 1067 in
941 1008 1052 1085 melius,

22 1093 172 1170 roingenia
194 1100 223 1151 et
243 1101 320 1151 artes
339 1093 387 1152 uel
411 1094 533 1153 maxime
555 1093 637 1153 fovit.
675 1092 784 1152 Primus
813 1110 829 1151 e
852 1092 923 1151 iisco
947 1090 1053 1150 Latinis
1062 1099 1096 1154 18

56 1176 234 1254 Graecisque
252 1175 418 1236 rhetoribus
432 1195 524 1237 annua
550 1186 672 1238 centena
694 1177 856 1244 constituit;
879 1175 1052 1254 praestantis

57 1269 171 1337 poetas,
186 1277 242 1317 nec
259 1275 316 1317 non
331 1269 360 1318 et
375 1261 519 1337 artifices,
537 1259 616 1322 Coae
632 1263 771 1339 Veneris,
789 1263 857 1321 item
873 1258 991 1320 Colossi
1006 1277 1051 1318 re-

57 1343 200 1401 fectorem
220 1342 326 1414 insigni
342 1344 490 1416 congiario
512 1360 673 1422 magnaque
688 1346 824 1404 mercede
840 1344 970 1413 donavit3
993 1360 1051 1400 me-

60 1425 179 1486 chanico
195 1439 322 1499 quoque,
338 1423 458 1498 grandis
475 1424 622 1483 columnas
635 1427 740 1500 exigua
752 1429 883 1502 impensa
899 1427 1052 1501 perductu-

26 1532 49 1570 rs
60 1526 121 1568 rum
137 1508 165 1565 in
183 1504 357 1584 Capitolium
373 1504 541 1583 pollicenti,
561 1506 717 1582 praemium
732 1524 786 1584 pro
812 1516 972 1565 commento
995 1522 1054 1563 non

60 1590 208 1650 mediocre
223 1589 336 1668 optulit,
353 1606 473 1666 operam
487 1590 607 1665 remisit,
621 1588 767 1667 praelatus
783 1588 896 1648 sineret
908 1606 941 1648 se
948 1586 1052 1667 plebe·

60 1675 162 1736 celum
173 1691 318 1752 pascere.
353 1672 455 1750 Ludis,
473 1690 527 1751 per
543 1690 615 1751 quos
633 1689 739 1732 scaena
754 1670 934 1731 Marcelliani
950 1672 1054 1732 theatri
1063 1681 1096 1736 19

59 1761 190 1820 restituta
206 1757 402 1835 dedicabatur,
419 1765 520 1817 vetera
537 1774 655 1836 quoque
673 1764 837 1816 acroamata
851 1763 1052 1815 revocaverat.

59 1843 192 1922 Apellari
207 1842 350 1920 tragoedo
367 1841 595 1920 quadringenta,
612 1841 730 1920 Terpno
742 1839 932 1918 Diodoroque
951 1838 1053 1897 cithar-

23 1948 48 1987 ao
59 1927 141 1987 cedis
156 1925 277 2001 ducena,
296 1926 439 1985 nonnullis
450 1935 581 2003 centena,
600 1926 703 2004 quibus
714 1926 856 1983 minimum
869 1923 1053 2002 quadragena

58 2011 191 2071 sestertia
208 2026 297 2088 super
312 2009 449 2086 plurimas
465 2027 590 2069 coronas
608 2027 711 2070 aureas
733 2007 820 2069 dedit.
857 2007 916 2068 Sed
937 2017 966 2067 et
985 2024 1051 2066 con·

57 2093 209 2154 viuahatur
226 2091 351 2168 assidue,
371 2110 406 2151 ac
418 2094 534 2169 saepius
548 2102 630 2152 recta
646 2101 675 2151 et
687 2093 810 2170 dapsile,
827 2101 857 2151 ut
869 2091 1053 2152 macellarios

58 2178 216 2239 adiuvaret.
252 2175 346 2236 Dabat
361 2176 435 2234 sicut
445 2175 643 2235 Saturnalibus
654 2177 725 2234 viris
740 2175 933 2254 apophoreta,
950 2177 988 2235 ita
998 2192 1053 2252 per

58 2263 104 2322 lll.
120 2262 203 2321 blant.
219 2260 346 2330 feminis;
371 2268 400 2318 et
421 2267 515 2318 tamen
531 2278 567 2318 ne
583 2261 625 2318 sic
642 2258 756 2336 quidem
773 2262 892 2338 pristina
916 2257 1052 2337 cupidita·

23 2361 48 2399 rs
59 2349 95 2405 tis
112 2345 226 2404 infamia
242 2345 342 2404 caruit.
371 2341 559 2401 Alexandrini
576 2342 773 2418 Cybiosacten
790 2363 853 2403 eum
868 2359 1053 2420 vocareper-

59 2436 278 2502 severaverunt,
296 2428 470 2504 cognomine
486 2430 569 2486 unius
584 2446 601 2486 e
615 2426 736 2504 regibus
753 2429 811 2486 suis
826 2428 1053 2506 turpissimarum

58 2510 195 2572 sordium.
231 2510 333 2570 Sedet
349 2512 377 2569 in
392 2511 493 2570 iuuere
508 2510 605 2571 Fauor
619 2510 800 2571 archimimus
821 2529 975 2589 personam
991 2510 1053 2569 eius

57 2597 156 2656 ferens
169 2595 350 2674 imitansque,
366 2605 397 2654 ut
413 2603 458 2654 est
473 2612 547 2671 mos,
567 2596 645 2655 iacta
661 2613 696 2656 ac
711 2595 787 2655 dicta
803 2597 873 2671 vivi,
890 2596 1051 2672 interroga·

58 2682 94 2740 tis
110 2679 204 2758 palam
220 2679 475 2760 procuratoribus,
501 2681 597 2757 quanti
619 2680 702 2739 ianus
725 2688 754 2738 et
771 2697 877 2757 pompa
895 2686 1051 2754 constaret,

24 2773 88 2823 aaut
106 2761 190 2840 audit,
207 2764 347 2824 sestertio
365 2764 508 2839 centiens,
527 2763 714 2840 exclamavit,
733 2771 851 2823 centnm
865 2760 927 2822 sibi
939 2769 1050 2823 sester-

58 2848 103 2907 tio
117 2846 237 2923 dorent,
255 2865 294 2908 oe
308 2865 342 2906 se
355 2848 406 2908 ecl
420 2847 451 2907 in
472 2845 605 2907 Tiberim
618 2849 803 2924 proicerent.

120 2932 233 2990 Statura
249 2931 301 2989 init
313 2930 461 3009 quadrata,
480 2932 640 3008 compactis
653 2932 799 3008 firmisque
811 2929 956 3006 memhris,
973 2928 1097 2988 uultuho

58 3014 147 3073 veluti
162 3016 292 3082 nitentis;
317 3013 427 3092 dequo
445 3013 557 3092 quidam
578 3014 752 3074 urbanorum
772 3032 829 3073 non
852 3015 993 3073 iniacete:
1016 3013 1046 3071 si

60 3098 173 3175 quidem
190 3099 316 3176 petenti,
337 3107 367 3157 ut
382 3107 411 3157 et
427 3100 455 3156 in
473 3116 506 3157 se
526 3096 633 3175 aliquid
657 3099 782 3173 diceret,
803 3098 930 3174 Dicam,
952 3096 1048 3174 inquit.

24 3201 127 3242 asenna
145 3189 279 3242 uentrem
301 3200 476 3242 econmere
491 3181 629 3241 desieris.
675 3182 838 3243 valitudine
855 3183 1044 3260 prosperrim

61 3284 129 3325 usus
144 3276 198 3342 est,
216 3267 343 3344 quamvis
360 3265 395 3324 ad
411 3265 544 3326 tuendam
559 3284 621 3324 eam
637 3265 706 3325 nihil
723 3267 844 3345 amplius
857 3283 940 3344 quam
951 3265 1044 3325 lance·

61 3358 216 3427 ceteraque
227 3349 352 3410 membra
364 3350 477 3410 sibimet
491 3349 526 3410 ad
538 3368 683 3409 numerum
695 3352 723 3409 in
741 3349 948 3429 sphaeristerio
965 3348 1017 3408 dei
1032 3385 1038 3390 -

72 3453 104 3486 a..
124 3465 137 3474 ·-
163 3434 434 3490 mediamque-min?
448 3433 503 3482 atta·
520 3452 564 3482 ner
588 3434 1002 3494 rinpnlnpmanentum-anna·
1022 3445 1038 3478 n·
