2334 3870
442 213 546 262 navus
571 213 695 262 1nn1ns.
1050 206 1070 267 9

68 376 150 446 rent,
168 376 287 429 coactus
301 376 346 427 est
359 368 546 447 triumphum,
568 387 605 429 ne
622 367 773 429 consulatu
789 367 1008 448 excluderetur,
1030 372 1068 432 di·

68 454 190 513 mittere.
234 451 259 513 E
282 450 396 511 duobus
420 454 585 513 consulatus
607 451 866 532 competitoribus,
889 453 976 515 Lucio
998 455 1111 526 Luc-19

69 538 132 596 ceio
148 536 308 615 llarcoque
325 533 444 613 Bibulo,
463 536 615 597 Lucceium
631 537 685 597 sibi
704 536 848 614 adiunxit,
868 547 970 615 pactus
986 548 1017 599 ut
1032 541 1068 617 is,

69 622 202 700 quoniam
225 621 347 679 inlerior
367 620 460 695 gratia
477 629 555 680 esset
577 622 758 700 pecuniaque
775 621 916 699 polleret,
939 641 1069 685 nummos

43 706 104 765 ode
121 722 196 780 sno,
220 704 362 764 communi
378 704 509 779 nomine,
534 722 588 782 per
607 706 749 766 centurias
766 707 973 783 pronuntiaret.
1006 709 1068 783 Qua

67 789 186 865 cognita
212 805 245 846 re
272 787 439 867 optimates,
464 804 538 865 quos
560 795 653 846 metus
676 797 795 866 ceperat
814 790 883 850 nihil
904 809 962 850 non
985 809 1067 851 ansn-

65 890 129 931 rnm
147 889 211 930 enm
231 871 259 930 in
278 887 386 930 summo
402 874 570 947 magistratu
588 871 726 931 concordi
747 880 776 930 et
792 875 990 935 consentiente
1008 875 1066 937 col·

65 957 148 1033 lega,
172 964 308 1015 auctores
324 953 426 1015 Bibulo
449 955 564 1014 luerunt
579 953 743 1015 tantundem
759 955 929 1035 pollicendi,
953 977 988 1020 ac
1006 959 1068 1038 ple·

63 1041 147 1118 riqnc
165 1040 304 1117 pecunias
320 1039 519 1115 contulerunt,
537 1057 574 1098 ne
589 1037 701 1100 Catone
717 1037 832 1117 quidem
847 1039 989 1102 abnuente
1006 1061 1069 1103 eam

28 1144 53 1186 ro
63 1123 245 1202 largitionem
261 1142 278 1183 e
294 1142 326 1183 re
344 1123 459 1202 publica
475 1123 549 1183 fieri.

125 1207 216 1286 Igitur
239 1226 302 1267 cnm
323 1206 426 1266 Bibulo
451 1207 553 1267 consul
575 1216 697 1269 creatur.
742 1207 871 1268 Eandem
892 1208 930 1267 ob
954 1226 1069 1269 causam

64 1310 156 1370 opera
177 1291 213 1351 ab
231 1293 415 1369 optimatibus
431 1290 496 1351 data
518 1301 578 1368 est,
600 1301 630 1351 ut
651 1294 819 1369 provinciae
835 1293 939 1353 futuris
963 1309 1068 1353 consu·
1151 1308 1155 1317 ’

64 1375 140 1435 libus
155 1376 261 1433 minimi
279 1375 405 1449 negotii,
427 1374 455 1432 id
472 1383 516 1433 est
532 1375 624 1434 silvae
644 1376 810 1455 callesque,
829 1376 1067 1437 decernerentur.

66 1459 130 1533 Qua
145 1458 268 1516 maxime
283 1457 384 1515 iniuria
399 1456 565 1530 instinctus,
581 1456 711 1516 omnibus
727 1460 833 1517 ciliciis
844 1460 971 1519 Gnaeum
985 1461 1068 1521 Porn-

30 1542 162 1622 rapeinm
186 1539 351 1601 adsectatus
376 1547 437 1614 est,
460 1538 601 1597 offensum
626 1538 770 1616 patribus,
795 1540 885 1617 quod,
906 1541 1068 1602 Mithridate

65 1644 139 1704 rege
157 1626 251 1701 vieto,
277 1625 455 1684 cunctantius
478 1623 715 1682 confirmarentur
735 1631 799 1683 acta
822 1641 887 1690 sua:
915 1622 1067 1703 Pompeio·

65 1729 121 1789 que
144 1706 273 1770 llarcum
302 1706 436 1768 Crassum
465 1707 679 1783 reconciliavit,
706 1715 836 1767 veterem
862 1707 1004 1768 inimicum
1031 1726 1068 1767 ex

66 1794 238 1870 consulatu,
262 1810 347 1871 quem
368 1809 476 1852 summa
500 1791 644 1852 discordia
665 1791 747 1851 simul
771 1799 940 1870 gesserant;
962 1810 998 1852 ac
1020 1810 1066 1853 so·

65 1880 198 1940 cietatem
223 1895 286 1938 curn
308 1886 431 1955 utroque
449 1878 526 1953 iniit,
550 1895 586 1936 ne
605 1875 672 1954 qnid
688 1885 825 1954 ageretur
842 1877 871 1935 in
888 1894 920 1935 re
939 1876 1066 1955 publica,

26 1980 52 2020 ro
63 1964 141 2042 qnod
156 1961 354 2040 displicuisset
370 1962 420 2020 ulli
436 1980 452 2021 e
469 1960 569 2021 tribus.
602 1959 676 2020 Inito
693 1960 803 2021 honore
820 1962 927 2040 primns
943 1961 1110 2022 omniumto

62 2046 199 2120 instituit,
222 2054 324 2105 uttam
347 2054 463 2105 senatus
481 2063 566 2123 quam
583 2043 684 2124 populi
707 2045 805 2106 diurna
822 2054 885 2107 acta
906 2045 1067 2106 confierent

64 2139 93 2189 et
122 2127 346 2208 publicarentur.
391 2129 547 2206 Antiqunm
572 2130 657 2189 etiarn
682 2129 779 2190 retulit
803 2147 925 2206 morem,
952 2139 982 2189 ut
1008 2141 1066 2207 quo

64 2232 164 2274 mense
180 2211 280 2273 fasces
301 2228 358 2271 non
373 2212 513 2289 baberet,
534 2230 675 2273 accensus
692 2223 758 2273 ante
774 2231 839 2271 enm
856 2214 924 2288 iret,
944 2213 1067 2273 lictores

64 2315 142 2377 pone
159 2304 361 2376 sequerentur.
405 2296 485 2374 Lege
502 2306 596 2356 antem
612 2298 726 2374 agraria
742 2297 941 2376 promulgata,
958 2294 1066 2355 obnun-

26 2384 179 2442 satiantem
198 2380 343 2458 collegam
366 2381 452 2441 armis
473 2380 540 2440 loro
558 2381 685 2459 expulit,
710 2400 745 2441 ac
767 2389 888 2460 postero
906 2379 953 2439 die
970 2380 999 2438 in
1022 2396 1066 2438 se

62 2475 129 2526 natu
148 2473 355 2543 conquestum,
381 2483 436 2525 nec
457 2482 601 2543 quoquam
622 2475 742 2544 reperto
766 2465 815 2543 qui
831 2481 919 2544 snper
934 2463 983 2523 tali
999 2478 1066 2523 con-

63 2551 241 2610 sternatione
255 2549 369 2609 referre
383 2558 432 2610 ant
449 2556 571 2609 censere
589 2549 697 2628 aliquid
713 2549 849 2625 auderet,
870 2548 965 2625 qualia
980 2545 1067 2607 multa

62 2652 153 2714 saepe
177 2636 205 2693 in
226 2633 387 2694 levioribus
404 2632 495 2693 turbis
516 2634 634 2694 decreta
650 2642 747 2710 erant,
769 2635 797 2692 in
819 2651 882 2693 eam
904 2632 1002 2709 coegit
1017 2629 1066 2691 da-

62 2719 275 2798 sperationem,
296 2728 342 2796 ut,
367 2717 462 2797 quoad
478 2726 622 2797 potestate
644 2717 748 2796 abiret,
766 2716 851 2777 domo
869 2716 982 2778 abditus
997 2713 1067 2776 nihil

25 2820 52 2861 ao
62 2801 138 2863 aliud
156 2820 240 2881 qnam
256 2820 310 2881 per
326 2802 419 2863 edicta
434 2802 625 2863 obnuntiaret.
829 2858 832 2865 ,

127 2886 207 2946 Unus
223 2905 260 2946 cx
276 2904 311 2947 eo
328 2897 460 2965 tempore
476 2888 571 2947 onmia
585 2889 614 2946 in
633 2905 666 2946 re
687 2886 801 2964 publica
818 2885 900 2946 etad
919 2883 1067 2945 arbitrium

64 2969 290 3045 administravit,
316 2980 347 3030 ut
366 2971 494 3030 nonnulli
514 2970 704 3047 urbanorum,
727 2988 789 3030 eum
813 2969 880 3047 qnid
902 2988 955 3048 per
972 2968 1068 3028 iocum

62 3053 187 3115 testandi
208 3055 302 3131 gratia
322 3055 486 3132 signarent,
507 3072 565 3116 non
587 3054 715 3115 Caesare
733 3063 762 3114 et
782 3053 902 3129 Bibulo,
923 3052 975 3112 sed
993 3038 1066 3110 lulio

62 3147 92 3198 et
114 3136 242 3198 Caesare
264 3138 430 3198 consulibus
451 3149 546 3199 actum
567 3138 745 3217 scriberent,
766 3138 812 3198 bis
836 3137 958 3197 eundem
982 3151 1066 3214 prae·

23 3232 221 3302 seponentes,
243 3223 358 3283 nomine
379 3230 466 3301 atque
487 3224 676 3301 cognomine;
698 3232 785 3302 utque
808 3221 899 3300 vulgo
919 3237 988 3281 mox
1008 3217 1067 3278 ler-

59 3317 159 3368 rentnr
175 3307 204 3367 hi
219 3326 337 3368 versus:

134 3397 196 3453 Non
213 3396 312 3453 Britain
328 3399 475 3469 quicqamm
492 3411 583 3468 nuper
604 3396 655 3452 sed
676 3396 796 3453 Caesare
814 3395 924 3468 factum
943 3400 997 3450 est:

268 3482 340 3536 Nom
359 3481 456 3538 Bitala
474 3481 541 3547 fieri
557 3482 668 3537 consule
686 3482 726 3536 nil
744 3481 860 3536 memini.
