2334 3870
217 194 497 246 nnrnnurnonurt
517 192 699 244 nmnonnu
718 195 919 257 ammomum.
1006 182 1065 246 291

66 355 199 417 homiues
227 361 311 414 cruta
338 349 456 412 ienitate
484 350 626 411 rationem
649 350 729 413 vitae
759 349 869 412 babere
901 351 1069 430 coepissent

68 456 207 521 sequeno
223 437 295 498 deos
310 453 380 496 suos
397 451 501 512 nosse,
518 426 624 495 cultum
635 434 779 503 modIoum
794 453 830 496 ac
841 451 1005 495 sermonem
1018 453 1068 494 ne·

69 525 224 586 cessarium
247 521 400 583 commenti
422 517 494 595 sibi,
516 520 664 598 utriusque
686 521 928 598 magnificentiam
951 517 987 580 ad
1000 517 1068 579 reli·

67 612 181 687 gionem
196 607 317 667 deorum
331 621 448 664 suorum
465 605 717 680 excogitaverunt.
740 604 833 681 Igitur
844 612 874 663 ut
886 603 993 681 templa
1009 601 1069 663 illis

43 692 197 753 adomibns
221 689 388 769 pulchriora
410 695 440 748 et
454 687 608 747 simulacra
626 689 800 768 corporibus
822 687 964 767 ampliora
978 685 1068 747 lacie-

64 776 150 853 bant,
173 776 213 836 ita
234 774 352 852 eloquio
374 773 460 832 etiarn
482 773 564 850 quasi
589 775 757 848 augustiore
778 771 967 833 honorandos
986 779 1069 850 puta·

64 867 168 920 verunt
190 857 348 936 laudesque
371 873 469 917 eorum
486 865 515 916 et
529 855 629 916 verbis
648 856 855 916 illustrioribus
875 865 904 917 et
919 854 1068 916 iucundio-

65 943 145 1004 ribus
159 944 284 1003 numeris
300 940 474 1002 extulerunt.
504 939 537 1000 Id
557 957 652 1017 genus
674 943 740 1019 quia
755 941 847 1001 forma
869 940 990 1018 quadam
1006 938 1068 1001 efli-

66 1030 155 1104 eitur,
181 1045 255 1106 quae
278 1016 413 1103 ποιότης
435 1024 556 1099 dieitur,
580 1041 685 1103 poema
706 1026 865 1086 vocitatum
887 1032 932 1082 est
948 1026 1068 1102 eiusque

28 1113 182 1176 relictores
198 1119 313 1190 poetae.
343 1105 488 1172 Isidorus
503 1108 622 1188 epmot.
639 1116 666 1186 8,
685 1119 711 1171 7.

130 1196 168 1247 De
181 1196 244 1261 ipsis
255 1195 338 1262 poetis
351 1194 419 1260 apud
430 1193 612 1260 Hieronymum
623 1200 762 1261 supersunt
777 1192 853 1244 baec:

127 1262 161 1321 T.
173 1262 269 1322 Livius
283 1263 497 1336 tragoediarum
510 1264 636 1340 scriptor
648 1263 744 1323 clarus
759 1261 897 1340 habetur,
914 1261 961 1340 qui
976 1259 1013 1320 ob
1025 1261 1067 1320 iu·

65 1346 143 1423 genii
162 1345 292 1402 meritum
312 1343 419 1402 abivio
435 1343 617 1419 Salinatore,
635 1348 715 1404 cuius
729 1344 840 1405 liberos
858 1345 1018 1421 erudiebat,
1034 1344 1067 1403 li·

66 1430 178 1489 bertate
194 1425 315 1487 donatus
332 1433 376 1482 est
390 1440 420 1483 o.
438 1431 507 1484 567.
524 1433 593 1485 568.

30 1530 55 1570 ss
122 1511 256 1572 Naevius
278 1509 407 1568 comicus
430 1507 534 1568 Uticae
555 1507 692 1583 moritur,
719 1507 819 1587 pulsus
833 1509 924 1569 Roma
940 1507 1068 1567 factione

64 1596 202 1658 nobilium
217 1612 252 1654 ac
267 1593 427 1672 praecipue
441 1590 625 1651 Metellorum
641 1607 671 1650 c.
688 1598 859 1651 551—553.

127 1680 244 1740 Plautus
261 1695 297 1737 ex
312 1674 431 1738 Umbria
452 1676 585 1735 Sarsinas
600 1673 713 1736 Romae
728 1676 860 1745 moritum
878 1677 926 1754 qui
938 1676 1066 1755 'propter

64 1781 194 1824 annonae
219 1759 416 1822 difficultatem
441 1758 478 1820 ad
502 1758 594 1820 molas
620 1759 782 1820 manuarias
808 1759 910 1837 pistori
931 1778 964 1820 se
986 1759 1065 1819 loca-

63 1857 161 1924 verat,
187 1845 226 1906 ibi
250 1846 384 1925 quotiens
405 1843 441 1904 ab
456 1862 548 1924 opere
570 1852 704 1923 vacaret,
737 1842 868 1904 scribere
895 1842 1008 1905 fabulas
1032 1860 1067 1904 ac

29 1931 194 1997 revendere
209 1928 312 1988 solitus
329 1944 358 1987 a.
376 1936 444 1989 553.
459 1937 528 1989 554.

127 2011 163 2086 0.
176 2011 285 2072 Ennius
300 2019 387 2090 poeta
399 2010 515 2071 Tarenti
529 2015 671 2084 nascitur;
689 2016 736 2092 qui
749 2033 766 2074 a
778 2011 890 2073 catone
907 2021 1063 2097 quaestore

63 2099 183 2159 Romam
197 2093 351 2156 translatus
366 2093 504 2155 habitavit
517 2096 546 2153 in
561 2104 658 2157 monte
670 2097 834 2174 Aventino,
851 2115 941 2176 parco
961 2097 1063 2158 admo·

64 2181 130 2242 dum
150 2188 262 2258 sumptu
282 2186 434 2240 contentus
454 2186 483 2238 et
498 2180 581 2238 unius
596 2181 720 2241 ancillae
738 2182 897 2241 ministerio
920 2197 950 2240 a.
967 2188 1067 2241 513-

64 2273 142 2327 515.
155 2309 162 2323 .
174 2309 182 2324 .
194 2263 304 2324 Ennius
316 2264 596 2341 poetaseptuaginta
608 2265 699 2325 maior
711 2267 792 2325 annis
804 2263 951 2326 articulari
962 2262 1065 2324 morbo

26 2368 53 2409 as
65 2351 155 2428 perit,
177 2347 307 2426 sepultus
326 2348 355 2406 in
373 2346 519 2425 Scipionis
540 2357 722 2409 monumento
742 2351 790 2409 via
804 2348 903 2428 Appia
918 2351 991 2410 iutra
1007 2350 1064 2427 pri·

63 2449 137 2491 mum
149 2431 184 2491 ab
196 2429 267 2491 urbe
278 2429 437 2491 miliarium.
465 2429 586 2504 Quidam
601 2449 668 2492 ossa
680 2436 742 2493 eius
752 2432 875 2495 Rudiam
885 2452 923 2495 en
934 2431 1064 2496 Ianiculo

62 2513 199 2576 translata
212 2514 353 2576 affirmant
369 2531 398 2576 o.
415 2522 585 2576 eet—589.

125 2598 232 2660 Statius
262 2597 409 2661 Caecilius
438 2600 651 2662 comoediarum
675 2603 803 2682 scriptor
819 2602 914 2663 clarus
930 2601 1063 2681 babetur,

62 2685 178 2744 natione
194 2678 321 2744 Insuber
336 2681 435 2746 Gallus
457 2692 487 2744 et
500 2684 586 2745 Ennii
600 2687 721 2764 primum
738 2685 966 2747 contubernalis.
994 2686 1068 2761 Qui·-

25 2784 52 2825 eo
65 2767 129 2828 dam
148 2765 395 2829 Mediolanensem
417 2769 521 2829 ferunt.
552 2769 683 2831 Mortuus
705 2781 750 2832 est
768 2790 843 2832 anno
858 2779 1063 2851 postmortem

59 2851 145 2912 Ennii
161 2858 191 2910 et
204 2853 280 2912 iuxta
294 2851 451 2914 Ianiculum
465 2855 596 2933 sepultus
610 2873 640 2916 u.
657 2864 726 2917 575.
837 2859 841 2866 '
910 2868 913 2875 ’

122 2934 264 2996 Pacuvius
291 2934 486 2996 brundusinus
509 2939 722 3016 tragoediarum
745 2939 873 3019 scriptor
901 2939 998 3001 clarus
1013 2938 1062 3001 ba·

59 3020 160 3094 betur,
183 3016 266 3098 Enpii
287 3027 395 3098 poetae
417 3037 455 3080 ex
478 3021 537 3089 lilia
559 3033 667 3102 nepos,
688 3024 819 3102 vixitque
835 3023 946 3086 Romae
965 3022 1077 3105 qrtoad*

60 3103 200 3183 picturam
223 3104 411 3168 exercuit'ac
431 3103 546 3166 fabulas
566 3106 740 3183 venditavit,
773 3107 878 3170 deinde
906 3109 1062 3170 Tarentum

23 3201 49 3244 se
60 3186 261 3265 transgressus
277 3190 372 3268 p'rope
388 3191 599 3266 nonagenarius
614 3191 690 3253 diem
706 3190 777 3253 obiit
792 3210 822 3254 c.
840 3202 907 3256 600.
925 3202 992 3255 601.

123 3269 154 3332 l’.
172 3269 325 3334 Terentius
346 3271 600 3351 Karthaginiensis
621 3274 836 3338 comoediarum
850 3279 993 3359 scriptor,
1021 3277 1061 3338 ob

57 3356 204 3435 ingenium
222 3364 252 3416 et
272 3356 393 3419 formam
410 3357 545 3420 libertate
568 3359 706 3439 donatus,
729 3362 758 3421 in
773 3361 901 3424 Arcadia
924 3365 1059 3432 moritur:

59 3439 108 3521 gui
123 3439 241 3521 primam
252 3437 390 3505 Andriam
421 3450 574 3526 antequam
592 3445 735 3508 aedilibus
750 3444 909 3594 venderpp,
928 3444 1040 3510 caecili
