2334 3870
146 215 204 279 178
259 227 288 275 c.
305 224 454 274 suncom
470 223 596 282 nanno.
614 222 661 268 na
675 222 758 268 vrun
773 221 959 272 cananaeus
971 226 1041 274 ma.
1055 229 1104 304 vn,

144 383 229 444 tinnis
245 390 313 461 post
333 399 451 441 caenam
469 377 581 439 canenti
599 378 626 437 in
640 376 756 437 multam
772 384 884 438 nocam
903 380 1054 461 assidens,
1078 402 1144 463 pau-

143 469 222 529 latim
235 475 264 527 et
279 467 344 545 ipse
358 464 488 525 meditari
508 461 699 540 exercerique
716 462 825 540 coepit,
835 478 927 541 neque
943 481 1047 524 eorum
1064 470 1144 546 quic—

145 569 229 631 quam
250 552 401 624 omittere,
423 566 498 626 quae
521 546 638 624 generis
650 545 712 604 eius
725 545 852 607 artifices
861 545 907 606 rel
918 551 1144 611 conservandae

146 638 228 697 vocis
246 651 332 695 causa
350 632 397 692 vel
412 631 563 708 augendae
578 631 754 698 factitarent;
775 629 829 690 sed
842 638 871 689 et
883 629 1041 709 plumbeam
1054 634 1141 694 cbar-

145 731 202 781 tam
221 720 338 798 supinus
362 725 484 795 pectore
506 716 663 790 sustinere,
685 722 714 773 et
736 713 866 789 clystere
884 715 1046 794 uomituque
1068 731 1161 795 pur-s

146 805 224 883 gari,
248 811 277 861 et
291 800 437 861 abstinere
455 800 547 879 pomis
564 798 695 877 cibisque
717 797 928 869 officientibus;
948 798 1040 860 donec
1058 800 1141 860 blan-

146 888 241 947 diente
257 885 392 964 profectu
409 885 595 964 (quamquam
610 885 734 960 exiguae
750 882 833 942 vocis
845 891 875 943 et
888 883 1007 963 fuscae)
1024 883 1144 964 prodire

143 973 173 1031 in
189 987 305 1030 scenam
323 970 480 1048 concupiit,
502 966 622 1027 subinde
643 967 718 1026 inter
737 965 894 1027 familiares
909 966 1054 1030 Graecum
1077 984 1145 1048 pro·

144 1055 275 1116 verbium
290 1057 410 1129 iactans,
427 1053 566 1112 occultae
582 1051 721 1113 mosiaco
736 1050 853 1112 nullum
868 1069 938 1113 esse
960 1058 1144 1132 respectum.

145 1140 184 1200 Et
197 1138 293 1217 prodit
306 1135 431 1214 Neapoli
447 1137 581 1214 primum,
604 1152 640 1195 ac
660 1153 697 1196 ne
718 1151 863 1196 concusso
886 1136 1001 1216 quidem
1020 1145 1162 1217 repentet

144 1230 221 1282 motu
236 1230 331 1280 terrae
347 1218 459 1280 theatro
473 1229 538 1279 ante
556 1228 673 1280 cantara
689 1218 804 1298 destitit,
819 1238 903 1300 quarn
917 1221 1083 1282 inchoatum
1097 1220 1145 1281 ab·

145 1304 275 1366 solveret
295 1321 410 1364 nomon.
447 1303 557 1365 Ibidem
577 1305 694 1383 saepius
716 1312 746 1364 et
766 1322 821 1382 per
836 1306 1003 1384 complures
1019 1307 1145 1366 cantavit

147 1391 222 1460 dies3
240 1397 353 1467 sumpto
370 1389 505 1448 etiamad
525 1388 710 1449 reficiendam
724 1406 827 1449 rocem
839 1388 921 1450 brevi
932 1398 1079 1468 tempore,
1095 1391 1142 1450 im·

146 1474 257 1555 patiens
278 1475 385 1533 secreti
408 1492 423 1533 a
444 1473 565 1534 balineis
583 1475 611 1532 in
628 1472 770 1534 theatrum
792 1474 919 1552 transiit,
941 1473 1096 1554 mediaque
1116 1475 1143 1533 in

148 1559 297 1619 orchestra
311 1558 463 1636 frequente
480 1558 590 1638 populo
606 1556 748 1636 epulatus,
765 1557 795 1618 ai
803 1559 933 1637 poclum
944 1557 1167 1635 metabaal

147 1642 267 1722 aliquid
292 1660 326 1701 ae
347 1640 468 1722 suffecti
488 1643 664 1702 tinniturum
692 1640 805 1703 Graeco
836 1661 971 1704 sermone
1000 1646 1140 1723 promisit.

148 1727 255 1806 Captus
279 1735 372 1786 autem
394 1725 547 1786 modulatis
568 1725 828 1788 Alexandrinorum
848 1727 1072 1807 laudationibus,
1097 1728 1141 1807 qui

147 1812 182 1872 de
205 1828 282 1869 novo
305 1818 464 1868 commeatu
480 1809 635 1888 Neapolim
657 1810 870 1888 confluxerant,
893 1812 994 1891 plures
1014 1813 1139 1872 Alexan·

147 1895 207 1954 dria
222 1893 364 1952 evocavit.
413 1891 517 1971 Neque
539 1911 575 1953 eo
598 1895 718 1972 segnius
742 1895 976 1956 adulescentulos
998 1897 1138 1976 equestris
1162 1962 1165 1968 ¹

145 1975 253 2036 ordinis
269 1984 298 2034 et
314 1977 439 2055 quinque
456 1977 577 2057 amplius
593 1979 670 2039 milia
682 1997 699 2038 e
711 1979 799 2059 plebe
813 1979 1034 2041 robustissimae
1045 1983 1161 2042 tavena

144 2061 210 2120 tutis
225 2059 349 2138 undique
366 2060 465 2139 elegit,
483 2065 531 2140 qui
547 2063 630 2123 divisi
646 2063 673 2123 in
689 2063 847 2141 factiones,
866 2065 1017 2143 plausuum
1032 2081 1138 2144 genera

147 2143 349 2205 condiscerent
370 2145 508 2225 (bombos
529 2157 558 2207 et
577 2147 711 2207 imbrices
733 2157 761 2208 et
782 2156 872 2209 testas
892 2147 1055 2228 vocabant)
1073 2167 1138 2229 ope

146 2247 264 2309 ramque
283 2240 423 2290 navarent
439 2233 563 2292 cantanti
579 2232 643 2309 sibi,
661 2233 791 2309 insignes
807 2233 993 2312 pinguissima
1016 2251 1100 2295 coma
1114 2240 1140 2292 et

148 2314 393 2376 excellentissimo
409 2315 509 2376 cultu*
532 2318 629 2395 pueris
647 2334 682 2376 ac
696 2318 759 2376 sine
780 2317 865 2378 anulo
886 2317 999 2394 laeviis,
1022 2335 1140 2397 quorun

148 2400 236 2460 duces
253 2398 448 2478 quadringena
464 2400 540 2460 milia
556 2402 690 2461 sestertia
703 2401 862 2462 merebant.
1146 2411 1164 2452 t

105 2489 137 2541 tl
211 2481 281 2542 Cum
295 2485 391 2562 magni
406 2487 568 2545 aestimaret
585 2494 700 2546 cantare
722 2487 807 2545 etiam
826 2487 950 2564 Romae,
974 2484 1140 2548 Neroneum

146 2583 240 2642 agona
270 2577 335 2627 ante
369 2571 565 2646 praestitutam
591 2569 665 2629 diern
695 2570 861 2648 revocavit,
888 2569 1140 2651 flagitantibusque

147 2651 256 2709 cunctis
273 2651 429 2712 caelestem
448 2671 550 2713 vocem
564 2653 716 2733 respondit
730 2653 844 2733 quidem
862 2655 896 2716 io
912 2653 1012 2716 bortis
1036 2675 1070 2716 se
1094 2672 1140 2716 co·

147 2734 221 2811 piam
235 2734 400 2797 volentibus
414 2738 570 2815 facturum,
588 2737 639 2799 sed
655 2737 806 2798 adiuvante
827 2738 907 2817 vulgi
928 2757 1034 2818 preces
1056 2740 1141 2801 etiam

146 2816 267 2876 statione
284 2819 412 2899 militum,
429 2840 502 2901 quae
518 2832 585 2884 tunc
597 2822 769 2899 excubabat,
786 2829 1095 2902 repraesentatas-um
1109 2833 1166 2884 sett

147 2899 292 2979 pollicitus
309 2913 354 2964 est
368 2905 476 2977 libens;
500 2925 534 2967 ac
550 2909 612 2967 sine
629 2925 827 2968 moranomen
843 2910 965 2969 suumin
984 2907 1052 2969 albo
1075 2925 1141 2988 pro

148 2987 282 3045 dtentium
298 2988 529 3052 citharoedorum
544 2994 626 3052 iussit
640 2991 762 3070 ascribi,
779 2993 975 3072 sorticulaque
991 2993 1020 3052 in
1043 3011 1142 3054 urnam

148 3089 210 3130 cum
226 3072 330 3129 ceteris
343 3070 476 3153 demissa,
491 3078 607 3138 intravit
616 3077 716 3138 ordine
728 3095 790 3156 suo,
807 3078 889 3139 simul
901 3077 1045 3158 praefecti
1056 3095 1141 3156 prae

146 3156 212 3214 torii
228 3153 362 3215 citharam
379 3162 565 3238 sustinentes,
582 3170 649 3240 post
663 3162 768 3222 tribuni
783 3163 910 3239 militnm,
923 3163 1060 3240 iuxtaque
1073 3162 1140 3223 arni-

147 3256 244 3298 corum
259 3240 355 3299 intimi.
387 3243 482 3321 thue
501 3248 639 3322 constitit,
654 3257 775 3326 peracto
791 3248 943 3326 principio,
959 3243 1095 3307 Niobam
1110 3262 1144 3307 aa
1157 3262 1167 3283 2⁴

146 3330 340 3384 conteteram
356 3345 408 3405 per
425 3327 556 3390 Cluvium
569 3329 674 3392 Rufum
692 3331 871 3393 consularem
895 3331 1092 3409 pronuntiavit
1113 3338 1142 3391 et

150 3406 173 3462 'n
194 3406 294 3468 boram
316 3409 379 3471 fere
400 3411 539 3473 decimam
563 3417 779 3493 perseverarit,
808 3433 1003 3495 coronamque
1024 3433 1090 3475 eam
1114 3423 1143 3475 et

148 3489 276 3548 ralionaa
302 3499 461 3556 certaminis
479 3500 622 3544 ΝΛΜ-’ν
658 3517 744 3548 *narn
780 3508 934 3548 'essem
971 3498 1089 3572 listulit,
1112 3508 1143 3559 ut
