2334 3870
115 170 173 230 144
201 179 232 228 c.
247 176 397 228 sunrosr
416 175 546 236 maso.
561 175 609 221 nn
623 171 707 219 urna
722 170 910 220 canssnnrr
922 173 995 221 nun.
1008 175 1076 224 ms.
1102 158 1106 163 ’
1137 234 1151 259 ⁸

113 352 204 416 quom
219 350 317 412 oeque
329 329 406 391 mali
416 328 551 409 [meriti
577 327 707 387 Threces
729 324 868 404 quosdn
880 324 1037 389 Germanis
1054 347 1119 390 cor-

112 419 194 499 poris
216 415 383 477 custodibus
403 413 582 493 praeposuit.
624 409 836 485 llprmillonn
857 419 1019 473 armaturas
1040 415 1119 475 reci·

113 501 162 562 dit.
208 499 348 561 columbo
376 500 496 574 victori,
527 496 633 556 leuiter
655 502 751 554 tamen
772 494 884 571 ureb,
912 510 1060 556 venenum
1088 500 1117 556 in

113 586 231 667 plagam
255 583 375 660 addidit,
405 579 482 661 quod
507 599 546 641 ex
570 597 606 640 eo
633 577 834 639 Columbinum
855 577 1025 658 appellarim
1050 582 1116 659 (sic

115 678 197 730 certe
217 671 292 729 inter
307 666 362 728 alia
379 683 493 727 venena
512 666 651 742 scriptum
676 662 712 723 ab
737 679 775 722 eo
798 670 942 740 repertum
960 663 1020 741 est)
1042 681 1136 742 pra-o

115 756 196 814 sinae
209 753 328 812 factioni
342 753 382 811 ita
402 748 533 810 addictus
549 757 578 808 et
590 746 719 824 deditus,
748 752 781 805 nt
800 748 977 806 amaretin
997 745 1109 807 stabulo

115 836 229 898 assidue
244 845 274 895 et
288 843 426 897 maneret.
462 834 607 913 Agitatori
624 829 758 906 Eutycho
775 831 981 891 comisatione
995 829 1116 910 quadarn

113 922 142 980 in
171 918 361 999 apophoretis
388 919 479 979 uicies
508 917 672 978 sestertium
700 913 830 975 contulit.
873 913 998 976 Incitato
1030 931 1118 993 equo,

115 1005 195 1064 cuius
218 1021 305 1064 causa
326 1002 418 1081 pridie
439 1005 603 1077 circenses,
632 1018 670 1059 ne
683 1000 908 1078 inquietaretur,
938 999 1065 1059 viciniae
1083 999 1120 1058 si·

114 1087 231 1147 lentium
253 1105 308 1167 per
330 1087 435 1145 milites
461 1084 589 1144 indicere
615 1083 745 1160 solebat,
772 1089 893 1162 praeter
920 1081 1019 1162 equile
1045 1100 1151 1149 mar-ro

113 1187 243 1230 moseum
257 1179 287 1228 et
308 1186 454 1247 praesepe
480 1167 636 1228 eburneum
660 1175 838 1247 praeterque
864 1184 1015 1246 purpurea
1035 1175 1119 1245 tegu-

112 1261 207 1313 menta
233 1270 267 1311 ac
291 1251 406 1311 monilia
432 1253 610 1330 egemmis,
642 1250 756 1313 domum
775 1251 862 1311 ctiam
876 1258 908 1310 et
930 1250 1072 1312 familiam
1092 1259 1120 1312 et

114 1334 326 1415 supellectilem
341 1334 433 1413 dedit,
466 1353 522 1415 quo
538 1336 641 1397 lautius
656 1336 769 1397 nomine
789 1335 853 1394 eins
868 1335 982 1396 inritati
1001 1338 1118 1416 accipe

115 1428 227 1490 rentur;
260 1419 437 1481 consulatum
455 1438 571 1500 quoque
585 1419 704 1482 traditur
721 1419 893 1480 destinasse.

73 1511 107 1566 ⁶6
180 1503 223 1565 lta
248 1504 436 1566 bacchantem
462 1515 548 1585 atque
571 1513 751 1583 grassantem
774 1519 832 1563 non
855 1501 946 1563 deluit
967 1502 1118 1583 plerisque
1127 1529 1148 1569 o

118 1590 225 1649 animus
252 1589 365 1651 adoriri.
411 1590 469 1650 Sed
492 1608 547 1650 una
570 1589 719 1668 alteraque
746 1588 963 1666 conspiratione
990 1587 1117 1668 detecta,

118 1674 181 1733 aliis
211 1692 265 1753 per
296 1674 419 1752 inopiam
446 1674 608 1734 occasionis
637 1671 853 1749 cunctantibus,
878 1670 935 1732 dno
966 1673 1118 1734 consilinm

119 1760 396 1820 communicaverunt
416 1756 677 1835 perfeceruutque,
704 1774 762 1817 non
782 1758 845 1817 sinc
867 1757 1048 1819 couscientia
1066 1775 1117 1839 pe

117 1842 336 1902 tentissimorum
364 1839 531 1899 lihertomm
559 1840 832 1921 praefectorumque
860 1841 1005 1920 praetori;
1042 1841 1119 1922 quod

116 1927 172 2003 ipsi
193 1940 306 2002 quoque
332 1924 386 1981 etsi
409 1922 484 1983 lalso
506 1925 534 1982 in
555 1923 675 2002 quadam
703 1925 903 1986 coniuratione
924 1927 1007 2005 quasi
1029 1927 1148 2006 parti-ao

116 2008 197 2084 cipes
220 2006 368 2083 nominati,
401 2016 555 2086 suspectos
578 2016 672 2068 tamen
698 2028 731 2070 se
761 2018 791 2069 et
810 2010 921 2070 inrisos
942 2008 1116 2072 sentiebant.

113 2089 185 2149 Nam
206 2098 235 2148 et
263 2090 355 2150 statim
385 2090 512 2151 seductis
538 2110 669 2171 magnam
698 2094 770 2153 iecit
797 2093 949 2171 invidiam,
974 2092 1116 2156 destricto

113 2172 212 2251 gladio
239 2174 382 2235 affirmans
409 2183 518 2255 sponte
540 2194 574 2238 ac
597 2177 785 2256 peritorum,
818 2178 850 2238 st'
873 2183 904 2239 cd
927 2177 994 2240 iilis
1019 2186 1119 2243 morte

114 2256 225 2337 dipm
238 2257 409 2338 videretur,
439 2278 495 2321 nec
517 2264 643 2323 cessavit
657 2282 695 2323 ex
715 2280 751 2323 eo
773 2262 917 2324 criminari
933 2263 1058 2325 alterum
1077 2263 1116 2326 al·

112 2341 167 2401 teri
181 2350 266 2422 atque
280 2344 354 2404 iuter
365 2363 398 2405 se
413 2347 505 2406 omnis
521 2349 707 2408 committere.
1123 2371 1145 2413 ct

174 2423 244 2485 Cum
266 2427 426 2507 placuisset
442 2428 577 2492 Palatinis
599 2431 673 2492 ludis
695 2431 865 2510 spectaculo
888 2449 1045 2511 egressu
1058 2449 1115 2493 me·

111 2508 183 2569 ridie
203 2510 338 2590 adgredi,
369 2515 475 2592 primas
497 2515 552 2575 sihi
575 2524 674 2595 partes
691 2514 808 2576 Cassius
830 2515 962 2578 Chaerea
984 2516 1116 2579 tribunus

112 2592 241 2654 cohortis
264 2598 428 2674 praetoriae
450 2598 639 2679 depoposcit,
668 2617 753 2679 quem
774 2599 861 2663 Gaius
886 2601 1036 2663 seniorem
1061 2602 1116 2665 iam

110 2684 141 2736 ut
155 2676 273 2738 mollem
286 2687 315 2739 et
331 2680 522 2743 effeminatum
538 2682 678 2744 denotare
696 2685 773 2745 omni
787 2686 899 2764 probro
915 2695 1075 2748 consuerat
1088 2693 1116 2747 et

109 2759 196 2821 modo
212 2763 324 2840 signum
339 2767 449 2844 petenti
468 2766 634 2846 Priapum
656 2777 702 2828 aut
722 2770 903 2832 Venerem
924 2769 1011 2850 dare,
1026 2770 1144 2837 modos

111 2843 263 2924 exaliqua
290 2864 376 2909 causa
397 2851 494 2928 agenti
518 2852 627 2929 gratias
652 2853 837 2915 osculandam
863 2873 977 2918 manum
1003 2857 1113 2919 offane

111 2927 260 2989 formatam
276 2942 503 3014 commotamque
517 2936 545 2995 in
560 2935 716 2998 obscenum
731 2938 854 3000 modurn.

77 3018 103 3072 tt
173 3011 296 3075 Futurae
314 3016 412 3079 caedis
436 3018 523 3081 multa
543 3021 676 3101 prodigia
699 3025 863 3085 extiterunt.
900 3024 1056 3107 Olympiae
1077 3027 1113 3088 si·

110 3096 263 3159 mulacrum
280 3098 374 3178 lovis,
404 3101 482 3182 quod
497 3103 616 3166 dissolvi
632 3107 843 3188 translerrique
856 3109 978 3172 Romam
994 3109 1113 3191 placue-

127 3189 169 3259 at,
201 3191 305 3243 tantum
335 3185 493 3246 cachimum
539 3200 651 3252 *ruente
680 3191 782 3271 edidit,
813 3202 844 3254 ut
865 3194 1007 3257 machinis
1031 3195 1142 3258 labeas

109 3265 194 3362 illm
216 3267 335 3368 θΡξθΜ
367 3269 417 3316 ¹³⁰·
579 3293 649 3335 ”oe
671 3278 796 3356 'eritque
817 3276 886 3340 ilico
909 3279 1024 3359 quidam
1042 3278 1112 3344 (las

111 3363 167 3392 ulte
187 3368 273 3400 nssmll
358 3387 423 3400 ¹⁴...
557 3391 610 3404 .,,,,,
671 3379 808 3423 „mimam
826 3363 976 3426 immolare
1000 3373 1112 3428 taurum

121 3459 155 3472 -ψ
244 3439 387 3488 .-,..-rnlt....
442 3475 511 3495 ἢ...
583 3483 588 3488 .
649 3463 682 3492 m.‚
749 3463 771 3492 εἴ
811 3463 874 3508 ifle'·
917 3456 1022 3510 halitum
1054 3458 1109 3529 θῧῖ,
