2286 3862
91 166 151 229 tlt
364 174 394 222 c.
418 169 580 221 sunuoun
598 164 818 227 nonnosum

153 332 264 407 Status,
288 326 421 404 statutus}
446 331 565 385 statutus
587 330 632 382 est
652 320 837 397 collocatus,
867 330 971 383 status
992 322 1101 389 babitu

92 425 282 575 “antiioidia
305 495 442 572 contigit,
458 492 570 568 evenit,
593 488 703 569 incidit]
719 486 828 549 aoeidit
843 505 951 567 gravo
965 498 995 551 et
1006 496 1099 563 miste:

93 584 214 660 contigit
229 580 305 660 qnod
322 580 440 657 petitum
455 584 485 635 et
499 575 604 634 bonum
619 580 679 649 est,
701 572 783 651 quasi
799 573 975 651 oontigunn
994 574 1098 639 latore

93 677 173 736 actm
197 666 293 725 evenit
309 661 385 742 quod
400 661 482 739 quasi
498 657 688 734 extremuit,
711 656 740 715 id
754 664 802 715 est
816 656 909 737 quod
922 674 977 719 meo
988 661 1116 737 ungium

92 753 183 810 vimus
199 767 254 808 neo
270 745 421 825 petivimus
442 760 498 802 neo
513 742 670 811 timuimus;
690 738 791 800 insidit
805 742 860 820 qui
879 741 914 801 in
929 758 992 803 rom
1002 744 1087 824 lnpe-

91 830 430 994 mnindfencogitimquam
440 910 508 970 loeo
527 909 670 982 convenit,
685 923 911 985 nonnumquam
927 926 1077 989 pereum.

150 999 229 1060 luter
244 995 320 1076 apud
337 1004 365 1055 et
380 995 484 1073 penes]
505 991 580 1071 apud
595 1006 749 1069 personam
763 991 927 1068 signifieat
940 992 960 1037 ¹⁸¹
975 992 995 1037 ¹⁸¹

480 1092 495 1130 s
581 1091 597 1129 s
681 1090 697 1131 s
1087 1104 1109 1147 Ι,

154 1175 348 1236 Innocentem
368 1181 396 1233 et
420 1168 594 1256 innocuum]
612 1173 757 1234 innocent
779 1173 968 1237 sanctitate
991 1190 1074 1237 m

56 1291 60 1297 -
90 1259 289 1336 intellegitur,
308 1259 449 1317 innocuus
464 1257 511 1335 qui
525 1256 684 1317 nonhabet
698 1257 756 1316 vim
770 1257 919 1319 nocendi.

151 1359 167 1400 *
190 1355 314 1416 nimbum
331 1364 360 1416 et
381 1355 518 1436 pluviam]
535 1356 583 1397 **
606 1355 702 1434 pluvia
717 1363 764 1415 est
782 1370 874 1434 quam
892 1359 925 1417 vi
952 1366 1084 1419 rernm

89 1442 182 1503 nubes
204 1441 325 1520 pluvere
348 1449 503 1518 eoguntur,
527 1438 555 1498 id
571 1448 615 1499 est
630 1439 714 1518 pulsu
734 1438 870 1499 violento
893 1444 1085 1523 exprimente

88 1526 212 1586 nubibus
228 1526 319 1593 venti;
335 1525 445 1584 nimbus
462 1523 602 1583 interdum
619 1522 740 1602 erumpit
753 1531 783 1582 ut
798 1521 935 1602 aliquam
951 1526 1104 1607 eaellprpu

89 1618 146 1670 tem
161 1610 299 1668 minorem
315 1616 456 1686 occupet,
478 1609 615 1666 maiorem
632 1624 762 1667 serenam
780 1605 947 1687 relinquat.

154 1692 228 1751 Iram
241 1700 270 1752 et
285 1691 471 1770 iracundiam]
492 1691 534 1750 ira
550 1709 686 1752 excausa
700 1690 837 1767 nascitur,
864 1691 1028 1757 iraoundia
1038 1710 1090 1777 ptr·

88 1786 205 1856 potuum
216 1778 314 1836 vitium
328 1778 430 1835 mentis
446 1782 475 1833 et
489 1777 618 1852 pectoris
633 1783 687 1835 est.

151 1861 299 1919 Iuventam
320 1861 495 1918 iuventutem
518 1868 547 1916 et
568 1858 760 1937 iuventutem]
789 1859 933 1921 iuventus
960 1868 1011 1923 est
1032 1858 1092 1923 mul·

87 1943 177 2004 titudo
200 1943 348 2018 iuvenum,
371 1942 490 2001 Iuventa
506 1940 559 2002 dea
580 1941 729 2002 iuvenibus
744 1942 941 2024 praesidens,
967 1946 1114 2007 iuventte
1135 1941 1138 1948 '

87 2026 96 2086 i
120 2042 151 2085 sa
169 2033 258 2084 aetas.

98 2044 117 2104 p
152 2108 304 2168 Immolete
323 2117 351 2168 et
373 2110 511 2188 mactare]
530 2110 670 2171 immolari
685 2109 788 2170 dieitur
802 2108 919 2188 hostia,
940 2132 1014 2175 oum
1026 2110 1095 2175 molt

88 2192 165 2254 salsa
181 2193 208 2251 in
225 2201 311 2271 eaput
327 2192 439 2254 adiecta
456 2202 515 2262 est;
537 2203 689 2255 mactatum
710 2201 804 2255 autem
819 2196 906 2272 quasi
931 2200 1037 2279 magis
1054 2214 1096 2259 au·

88 2286 178 2354 otum,
201 2276 289 2336 idest
309 2278 482 2355 ampliatum.

146 2376 205 2435 lter
223 2384 250 2434 et
265 2376 361 2454 itiner}
378 2378 433 2435 iter
449 2394 505 2455 quo
521 2376 588 2454 quid
606 2377 714 2453 agitur,
735 2377 820 2436 itiner
833 2378 883 2438 via
898 2376 1026 2442 dieitur.
1100 2398 1117 2441 a

147 2472 260 2533 Initium
277 2482 305 2532 et
320 2474 489 2551 principium
505 2472 563 2534 hoo
574 2474 681 2552 diflert]
698 2475 870 2554 principium
883 2476 985 2539 totius
1000 2478 1097 2559 operit

87 2558 292 2637 cuiuscumque
302 2553 327 2632 *‚
348 2558 429 2635 quasi
453 2558 571 2636 primum
587 2559 687 2636 operis
711 2566 810 2636 eaput;
825 2557 942 2620 initium
958 2562 1096 2645 frequen·

86 2641 142 2700 tius
155 2641 365 2719 intellegimus,
382 2650 411 2700 et
426 2642 513 2701 toties
529 2643 685 2721 accipimus
701 2642 814 2721 quoties
828 2659 967 2720 persona
983 2655 1038 2709 aut
1053 2662 1096 2707 ret

85 2733 222 2802 mutatur,
253 2725 334 2803 quasi
352 2725 437 2784 initus
457 2726 486 2783 in
502 2724 621 2786 alteram
642 2743 720 2793 rem;
744 2734 773 2786 et
788 2727 971 2805 principium
995 2730 1096 2807 semel,

84 2808 193 2867 initium
208 2810 341 2888 saepius;
358 2808 529 2887 principium
547 2819 576 2869 ut
587 2806 686 2870 Arma
697 2810 856 2889 utrumque
870 2827 972 2891 aomo,
989 2816 1119 2877 initiunt

84 2890 177 2952 Maso
191 2892 265 2952 milti
283 2907 400 2953 causas
415 2910 560 2953 memoro.
590 2894 773 2954 Inveniuntur
787 2902 883 2954 tamen
898 2895 1009 2977 initia,
1024 2916 1098 2980 quas

84 2983 185 3036 natura
202 2977 245 3035 sui
263 2985 362 3036 carent
379 2985 408 3036 et
423 2977 552 3054 speeiem
569 2979 703 3057 principii
725 2976 848 3053 habeut,
871 2987 902 3038 ut
917 2977 969 3043 Ar
985 2982 1098 3065 rapina

82 3058 177 3138 praui
202 3058 401 3120 iamdudum
425 3060 538 3123 saucio
570 3079 648 3124 euro
671 3071 699 3121 et
726 3059 781 3122 Sia
803 3059 894 3140 futur
914 3061 1099 3129 lacrimam

84 3142 241 3222 classique
256 3142 387 3204 immittit
401 3143 551 3206 tabanos.

145 3239 270 3320 lovium,
287 3240 415 3321 devium,
434 3245 543 3322 avium,
559 3244 702 3324 pervium]
718 3259 823 3303 rourum
835 3260 898 3304 sme
913 3263 986 3329 vra,
1002 3248 1123 3311 amun*

83 3319 260 3404 flexuosum,
283 3324 397 3385 devium
418 3327 551 3391 desertus
572 3329 671 3407 locus,
694 3328 824 3407 pervium
839 3345 893 3407 por
914 3331 1002 3409 quod
1018 3350 1098 3395 oom-

82 3414 204 3467 mealur.
397 3426 409 3436 '
