2286 3862
109 152 148 215 16
198 166 226 213 c.
244 162 392 214 sunuoru
407 158 531 218 nanno.
547 158 594 203 nn
608 154 691 203 vrrs
706 151 893 202 cassanum
909 152 989 201 ma.
1007 152 1033 199 1.

106 320 247 398 peiusque
260 317 460 391 confugerant,
478 310 695 389 quamprimum
710 304 943 367 transfretaturi.
978 302 1046 365 llos
1063 305 1112 364 irn-

105 411 164 461 stra
186 419 240 479 per
258 400 349 463 omnis
367 413 460 457 moras
477 395 557 454 exitu
573 390 732 470 probibere
749 396 889 465 conatus,
913 386 1049 448 Romam
1065 390 1113 449 iter
1141 385 1143 436 i

105 484 251 545 convertit
270 480 482 560 appellatisque
500 476 536 535 de
557 493 590 533 re
606 473 721 551 publica
741 470 892 549 patribus,
917 468 1113 531 validissimas
1142 475 1143 508 ³

104 566 223 645 Pompei
249 567 368 643 copias,
396 578 470 638 quae
493 558 546 618 snb
570 557 661 616 tribus
684 554 789 632 legatis
814 551 853 612 M.
875 550 1012 615 Petreio
1039 553 1111 615 atla

103 649 226 709 Afranio
244 657 274 709 et
287 646 325 705 M.
342 644 475 703 Varrone
493 643 522 700 in
539 639 675 718 Hispania
691 646 790 714 erant,
808 637 939 715 inuasit,
959 636 1124 716 professura

104 741 170 792 ante
192 734 267 789 inter
289 745 377 803 suos,
399 729 490 787 irase
509 727 551 785 ud
569 726 733 785 exercitum
747 725 811 781 sine
825 722 919 792 duce,
937 730 971 783 et
985 722 1064 785 inde
1076 740 1112 784 ra·

104 831 258 877 cesarum
285 812 328 871 ad
353 813 456 871 ducem
480 812 544 869 sine
573 809 715 868 exercitu.
763 802 802 863 Et
830 820 1016 881 quamquam
1044 804 1111 867 obsi·

103 897 191 957 dione
207 893 370 970 Massiliae,
392 892 538 970 quaesibi
559 891 587 949 in
607 891 711 950 itinere
726 895 826 967 portas
847 886 1027 969 clauserat,
1049 910 1111 953 sum

100 1004 203 1065 maque
232 984 435 1044 frumentariae
460 981 503 1040 rei
530 977 668 1058 paenuria
693 974 873 1053 retardante,
904 973 1001 1037 brevi
1030 987 1113 1041 temet

1 1104 21 1127 -ι
37 1060 68 1133 -3‘
102 1070 196 1132 omnia
222 1070 347 1146 subegit.
389 1066 464 1126 llinc
487 1063 558 1123 urbe
579 1063 718 1142 repetita,
742 1064 770 1121 in
792 1058 1009 1125 Macedoniam
1034 1072 1111 1125 mam

102 1173 234 1233 gressus,
252 1152 430 1231 Pompeium,
448 1168 502 1229 per
520 1156 653 1228 quattuor
670 1164 763 1226 paene
778 1163 897 1207 menses
913 1148 1062 1209 maximis
1075 1146 1110 1207 ol

103 1258 214 1300 sessum
238 1236 393 1317 operibus,
419 1234 454 1295 ad
477 1243 635 1293 extremum
657 1230 825 1292 Pharsalico
847 1230 968 1309 praelio
998 1233 1110 1294 fuditct

102 1324 260 1402 lugientem
278 1319 483 1381 Alexandriam
507 1325 694 1399 persecutus,
712 1324 742 1376 ut
759 1316 886 1376 occisum
906 1314 1109 1395 deprehendit,

105 1427 169 1469 cum
185 1407 351 1467 Ptolemaeo
368 1422 456 1481 rege,
484 1423 499 1465 a
516 1421 573 1483 quo
591 1403 646 1462 sibi
664 1417 781 1480 qnoque
798 1398 920 1460 insidias
937 1401 1030 1463 tendi
1049 1400 1109 1463 vide

104 1493 165 1570 bat,
180 1492 289 1552 bellum
304 1508 374 1551 sane
390 1487 589 1549 difficillimum
605 1488 715 1564 gessit,
733 1502 829 1563 neque
840 1484 912 1544 loco
930 1503 1042 1567 neque
1056 1496 1121 1549 tenu

104 1594 177 1657 pore
196 1594 308 1654 aequo,
331 1574 383 1634 sed
402 1573 496 1633 bieme
515 1575 580 1633 anni
598 1581 626 1631 et
641 1572 714 1630 intra
729 1569 844 1630 moenia
862 1570 1075 1649 copiosissimi
1087 1587 1110 1631 ac

104 1660 297 1722 sollertissimi
311 1658 421 1733 hostis,
443 1657 529 1734 inops
551 1657 615 1734 ipse
636 1655 760 1714 omnium
780 1672 876 1713 rerum
892 1662 992 1732 atque
1009 1657 1109 1737 inpare

103 1755 158 1804 tus.
201 1744 334 1819 Regnum
351 1740 480 1817 Aegypti
502 1740 596 1798 victor
619 1735 795 1817 Cleopatrae
815 1738 963 1817 fratrique
986 1741 1058 1803 eius
1074 1737 1109 1799 mi

102 1827 167 1887 nori
185 1825 331 1904 permisit,
348 1824 457 1881 veritus
473 1822 651 1901 provinciam
668 1821 786 1898 facere,
802 1840 839 1881 ne
858 1822 1050 1905 quandoque
1064 1822 1109 1885 rb

104 1911 255 1970 lentiorem
287 1905 451 1985 praesidem
474 1915 558 1967 nacta
584 1923 722 1966 novarum
748 1923 844 1966 rerum
869 1909 1003 1971 materia
1034 1908 1110 1989 esset,

103 1993 150 2053 Ab
166 1990 343 2051 Alexandria
359 1992 386 2049 in
402 1991 514 2065 Syriam
532 1999 561 2050 et
577 1990 642 2049 inde
656 1989 776 2050 Pontum
792 1990 921 2067 transiit,
940 1992 1111 2071 urgentibus

104 2077 139 2137 de
155 2075 303 2136 Pharnace
325 2075 445 2151 nuntiis,
472 2093 556 2153 quem
577 2073 746 2136 Mithridatis
762 2074 862 2151 Magni
878 2074 976 2136 filium
1002 2096 1043 2139 ac
1058 2086 1112 2139 tuat

104 2160 261 2222 occasione
288 2169 449 2239 temporum
470 2159 627 2220 bellantem
652 2160 766 2238 iamque
794 2158 948 2238 multiplici
977 2176 1112 2225 succosa

103 2246 322 2326 praeferocem,
351 2245 423 2305 intra
445 2245 573 2323 quintum
596 2262 679 2322 quam
703 2243 833 2304 adfuerat
856 2243 949 2321 diem,
984 2256 1112 2327 quattuor

104 2331 207 2411 quibus
230 2331 258 2389 in
275 2338 465 2409 conspectum
480 2330 558 2390 venit
574 2329 669 2405 horis,
692 2345 747 2387 una
764 2326 935 2407 profligavit
951 2334 1044 2403 acie;
1062 2344 1125 2393 cres

103 2415 157 2476 bro
177 2432 404 2476 conrmemorans
416 2413 536 2492 Pompei
551 2413 735 2489 felicitatem,
754 2413 799 2473 cui
816 2412 918 2491 praeci
941 2430 985 2477 ua
1001 2416 1113 2479 mutuo

103 2501 165 2561 laus
183 2498 292 2559 datam
313 2497 412 2558 Inbelli
428 2514 540 2573 genere
560 2496 684 2557 bostium
703 2497 883 2575 contigisset.
915 2430 1045 2563 Belsinc
1064 2497 1112 2563 Sti

104 2583 220 2661 pionem
242 2601 277 2642 ac
297 2581 396 2642 Iubam
419 2581 558 2659 reliquias
580 2582 701 2660 partium
721 2582 749 2640 in
768 2580 868 2641 Africa
884 2580 1063 2649 refoventis
1075 2584 1112 2645 de

46 2678 95 2735 436
104 2666 186 2743 vicit,
207 2666 327 2747 Pompei
350 2666 460 2726 liberos
480 2666 508 2725 in
522 2665 670 2743 Hispania.
717 2665 853 2726 Omnibus
870 2664 1019 2731 civilibus
1037 2668 1113 2733 bedu

103 2750 209 2812 nnllam
232 2751 343 2812 cladem
365 2750 419 2809 nisi
440 2768 494 2829 per
510 2750 625 2827 legatos
640 2768 710 2810 suos
727 2769 832 2830 passus
854 2757 914 2828 est,
938 2769 1074 2831 quoru
1087 2750 1112 2815 0.

104 2834 191 2894 Curio
209 2837 237 2894 in
252 2836 352 2896 Africa
369 2834 470 2913 periit,
494 2832 527 2894 G.
543 2834 686 2895 Antonius
702 2835 730 2894 in
744 2835 863 2910 Illyrico
879 2834 908 2893 in
926 2835 1112 2903 adversario

1 2935 9 2952 ·-
103 2938 164 2978 rum
180 2918 297 2978 devenit
314 2927 503 2997 potestatem,
519 2919 550 2979 P.
565 2918 721 2980 Dolabella
737 2919 860 2980 classem
876 2918 905 2977 in
923 2922 1042 2987 eodem
1054 2922 1112 2998 itti·

102 3005 181 3079 rico,
204 3000 262 3061 CM.
282 3002 425 3063 Domitius
441 3001 578 3063 Calvinus
600 3005 628 3062 in
644 3003 737 3065 Ponto
760 3004 921 3065 exercitum
943 3008 1112 3071 amiserunt

102 3087 171 3166 lpse
189 3088 386 3165 prosperrime
402 3106 567 3168 semperne
583 3107 618 3148 ne
635 3090 753 3168 ancipiti
770 3089 884 3168 quidem
902 3106 1049 3171 umquam
1063 3092 1111 3155 for

102 3181 185 3247 tuna,
202 3178 405 3249 praeterquam
421 3172 481 3247 bis,
501 3173 658 3234 dimicavit:
681 3174 772 3234 semel
788 3174 823 3234 ad
837 3171 1058 3257 Dyrrachium,
1073 3174 1127 3239 uli

103 3257 217 3333 pulsus,
240 3272 298 3315 non
320 3255 443 3316 instante
467 3256 624 3337 Pompeio,
649 3261 768 3336 negarit
790 3276 854 3319 eum
875 3258 1002 3323 vincere
1030 3264 1110 3335 scire,

102 3340 203 3399 iterum
215 3342 242 3399 in
254 3340 392 3419 Hispania
403 3341 502 3401 ultimo
516 3343 631 3420 proelio
667 3362 730 3404 cum
746 3343 910 3423 desperatis
922 3342 1021 3409 rebus
1033 3346 1109 3410 etiam

101 3422 137 3484 de
155 3423 363 3487 consciscenda
380 3441 455 3486 nece
474 3427 622 3505 cogitavit.
