2286 3862
66 206 128 267 270
314 208 344 257 c.
362 203 555 257 auunculus
573 197 820 262 ununqurnnus

14 384 56 438 η
129 368 159 429 t.
176 366 286 427 Plotius
301 363 409 426 Gallus.
438 356 679 443 DehQGioero
692 357 723 417 in
737 352 867 437 epistola
881 354 922 418 ad
934 354 980 419 hl.
997 356 1086 420 'litin-

64 456 141 515 nium
158 453 202 512 sic
215 450 321 510 refert:
337 445 488 528 Equidem
499 443 647 504 uremoriu
661 445 764 518 teneo,
776 438 893 519 pueris
905 438 1003 503 mhi,
1012 445 1084 523 pri.

64 555 146 600 mum
159 533 271 596 Latine
290 532 402 594 docere
420 528 560 609 coepisse
574 526 706 589 Plotium
719 522 889 605 quendum.
921 522 981 587 Ad
989 544 1083 607 quem

67 640 135 685 oum
151 620 240 699 tieret
259 632 444 691 concursus,
472 612 556 693 quod
575 607 824 673 studiosissimus
841 608 971 691 quisque
988 612 1084 691 opud

68 724 136 768 eum
152 707 366 775 exerceretur,
382 696 524 761 dolebam
538 696 612 758 mihi
625 695 706 756 idem
718 712 781 757 uon
795 694 902 755 licere.
933 690 1094 757 Contine-e

69 789 129 851 hor
148 794 248 848 atatem
264 783 513 844 doctissimorum
532 780 684 843 homiuum
707 778 915 856 auctoritate,
941 778 997 859 qui
1015 781 1078 841 eci·

67 870 236 935 stiuohont
246 866 378 928 Graecia
394 863 668 930 exercitationibus
679 862 844 925 chimelius
859 862 995 943 inpendo
1009 880 1082 943 pos·

67 975 111 1018 se.
148 953 230 1014 lluno
252 951 374 1012 eundem
397 955 478 1033 (uam
499 950 657 1011 diutissime
672 948 760 1027 vixit)
776 946 815 1008 hl.
833 944 963 1008 Goeliue
978 948 1010 1009 iu
1023 965 1083 1009 nra·

68 1042 165 1115 tione,
189 1054 274 1116 quam
296 1055 350 1115 pro
372 1055 404 1095 se
430 1035 465 1095 de
487 1037 515 1093 vi
538 1032 651 1111 habuit,
677 1032 824 1111 siguificat
844 1030 984 1093 dictasse
1003 1035 1083 1093 Atra·

68 1126 148 1199 tino,
168 1122 331 1181 accusatori
347 1137 415 1194 suo,
431 1120 589 1187 actionem
613 1116 820 1197 subtractoque
830 1116 972 1195 numne,
997 1115 1110 1179 orden

71 1205 172 1267 oricum
187 1220 251 1262 eum
271 1201 423 1263 rhetorem
440 1200 588 1279 appellat,
612 1199 747 1261 deridens
770 1207 801 1260 ut
820 1196 972 1278 miletum
990 1198 1070 1263 ocio

68 1306 135 1349 uem
150 1292 181 1346 et
192 1284 362 1347 sordidum.

39 1388 56 1441 3
133 1370 164 1430 h.
181 1368 356 1430 vultacilius
376 1368 486 1430 Pilutus
507 1370 637 1431 servisse
652 1369 756 1430 dicitur
777 1376 866 1447 atque
887 1368 984 1431 etiam
1002 1373 1083 1433 ostia·

70 1457 130 1515 rius
145 1463 247 1513 vetere
261 1470 342 1513 more
357 1456 385 1514 iu
401 1463 503 1514 catena
517 1454 625 1530 luisse,
647 1453 741 1514 donee
756 1449 793 1513 oh
808 1452 965 1531 ingenium
981 1472 1019 1517 ac
1033 1464 1085 1516 stu·

71 1540 147 1599 dium
166 1538 327 1598 litterarum
347 1539 553 1614 manumissus,
577 1538 724 1599 accusanti
744 1544 868 1617 patrono
894 1536 1108 1620 subscripsitu

70 1621 183 1683 Deinde
198 1620 372 1682 rhetoricam
386 1623 552 1702 professus,
569 1620 629 1682 GN.
642 1622 810 1701 Pompeium
820 1620 965 1700 hlaguum
978 1622 1086 1703 docuit,

72 1707 222 1785 patrisque
238 1707 300 1766 eius
318 1724 367 1766 res
382 1715 499 1783 gestas,
523 1724 578 1765 uec
594 1707 686 1766 miuus
700 1707 808 1785 ipsius,
834 1705 1043 1787 compluribus
1056 1707 1085 1769 li·

72 1790 133 1850 bris
156 1791 307 1868 exposuit;
329 1790 450 1869 primus
471 1790 602 1850 omniurn
622 1788 848 1867 libertinorum,
872 1797 906 1851 ut
927 1788 1085 1854 cornelius

73 1874 176 1953 Nepos
198 1874 346 1952 opinatur,
369 1873 508 1935 scrihere
523 1873 685 1935 historiam
700 1890 806 1949 orsus,
833 1874 967 1937 uomet
981 1876 1025 1940 uh
1036 1876 1082 1937 ho

72 1957 247 2019 uestissino
263 1974 382 2036 quoque
395 1955 493 2018 scribi
506 1957 629 2019 solitum
643 1958 687 2019 ud
700 1958 734 2018 id
749 1963 876 2037 tempus.
1090 1976 1111 2019 u

46 2046 64 2097 4
137 2040 175 2099 hl.
193 2039 328 2120 Epidius,
346 2040 486 2102 calumnia
502 2051 633 2121 notatus,
655 2039 754 2104 ludum
770 2040 885 2102 dicendi
901 2046 1026 2125 aperuit
1040 2044 1086 2107 tlo-

75 2126 190 2204 cuitque
203 2127 278 2185 iuter
291 2134 406 2186 ceteros
416 2126 454 2187 hl.
471 2126 626 2186 Antonium
637 2136 666 2187 et
677 2126 852 2205 Augustum
873 2128 985 2207 quihus
1000 2147 1085 2210 quon·

74 2209 137 2270 dam
163 2207 195 2269 G.
217 2208 388 2287 Cannutius,
412 2209 616 2271 obiicientibus
638 2210 692 2271 sibi
718 2210 795 2290 quod
815 2212 844 2270 iu
864 2230 899 2272 re
914 2232 945 2293 p.
969 2214 1085 2276 admini-

74 2293 189 2354 stranda
218 2294 395 2373 potissimum
418 2294 580 2355 consularis
606 2294 726 2356 Isaurici
755 2302 865 2356 sectam
895 2306 1084 2376 sequeretur,

73 2377 166 2438 malle
188 2378 338 2457 respoudit
358 2374 497 2439 lscurici
512 2396 581 2439 esse
599 2378 783 2458 discipulum
802 2395 896 2459 quum
909 2377 1016 2460 Epidi
1034 2396 1110 2445 crs-u

73 2462 278 2528 trrnutororts.
309 2462 363 2523 llic
381 2462 503 2542 Epidius
515 2473 608 2524 ortum
620 2482 653 2523 se
664 2462 701 2524 ab
714 2462 820 2543 Epidio
832 2463 986 2537 Nucerino
1004 2484 1085 2549 prae·

73 2549 204 2627 dicabat,
227 2568 312 2630 quem
332 2547 428 2609 lerunt
451 2546 520 2607 olim
535 2549 756 2627 praecipitatum
778 2549 807 2608 in
827 2547 938 2609 fontem
960 2550 1086 2613 fluminis

73 2633 174 2710 Sarni,
191 2633 278 2712 paulo
294 2642 361 2711 post
377 2651 440 2693 cum
456 2630 594 2693 cornibus
612 2633 759 2710 extitisse,
776 2634 918 2693 aestatim
933 2650 1085 2695 noneom·

73 2718 205 2795 paruisse
220 2719 249 2777 iu
264 2734 441 2797 numeroque
458 2715 577 2776 deorum
592 2714 726 2776 habitum.

45 2819 61 2874 5
136 2800 243 2860 Sextus
260 2799 396 2879 Clodius,
415 2800 561 2879 esicilia,
577 2799 694 2861 Latinae
713 2798 796 2858 simul
813 2796 1008 2880 Graecaeque
1023 2802 1114 2864 elo-u

74 2886 208 2963 quentiae
224 2886 393 2962 professor,
409 2884 484 2945 male
501 2884 631 2945 oculatus
647 2892 676 2943 et
688 2883 786 2959 dicax,
799 2899 864 2962 pur
878 2884 1043 2947 oculorum
1053 2886 1086 2947 iu

73 2966 212 3030 amicitia
233 2966 274 3027 hl.
291 2967 417 3031 Antonii
438 2968 591 3030 triumuiri
610 2968 742 3028 ectrissc
761 2984 796 3027 se
817 2966 928 3037 aiebat;
951 2969 1085 3031 eiusdem

72 3071 192 3114 uxorem
214 3051 358 3129 Fulviam,
376 3057 421 3113 cui
436 3053 528 3115 altera
538 3053 631 3113 bucca
644 3052 769 3113 inflatior
784 3061 862 3127 erat,
880 3067 1014 3115 amomon
1023 3053 1088 3115 stili

74 3143 195 3198 turture
210 3136 295 3214 dixit,
318 3155 374 3196 uec
386 3154 422 3198 eo
437 3139 545 3216 miuus,
560 3140 646 3198 immo
657 3135 705 3196 vel
719 3136 813 3213 magis
829 3134 938 3222 Quo
952 3136 1085 3199 Antonio

74 3230 182 3295 gratus.
219 3221 320 3300 hquo
336 3238 404 3282 mor
425 3221 545 3282 consule
564 3224 669 3300 iugens
690 3221 776 3280 etiam
795 3221 976 3298 congiarium
997 3240 1116 3283 acce-ss

75 3305 131 3379 pit,
156 3315 185 3365 ut
202 3308 228 3364 ei
249 3308 278 3365 iu
293 3305 464 3385 Philippicis
482 3303 588 3367 cicero
606 3305 721 3366 obiicit:
743 3301 882 3365 Adhihes
897 3304 961 3367 ioci
983 3323 1087 3368 ccusu

73 3387 271 3466 mopistrurn,
287 3387 439 3471 suffrcqio
451 3394 502 3451 tuo
516 3395 545 3451 ct
559 3395 768 3469 compotorum
782 3396 903 3451 tuorum
917 3389 1087 3469 rhetoreon,

74 3469 126 3527 cui
143 3474 325 3536 concessisti
337 3480 372 3535 ut
384 3474 416 3535 in
431 3479 459 3534 te
473 3491 553 3554 quae
566 3474 657 3536 uellet
670 3473 803 3552 diceret,
822 3474 942 3536 salsum
960 3474 1088 3540 cumino
