<?xml version="1.0" encoding="UTF-8"?>
<!DOCTYPE html PUBLIC "-//W3C//DTD XHTML 1.0 Transitional//EN"
    "http://www.w3.org/TR/xhtml1/DTD/xhtml1-transitional.dtd">
<html xmlns="http://www.w3.org/1999/xhtml" xml:lang="en" lang="en">
 <head>
  <title>
</title>
<meta http-equiv="Content-Type" content="text/html;charset=utf-8" />
  <meta name='ocr-system' content='tesseract 3.04.00' />
  <meta name='ocr-capabilities' content='ocr_page ocr_carea ocr_par ocr_line ocrx_word'/>
</head>
<body>
  <div class='ocr_page' id='page_1' title='image "./csuetonitranqui00trangoog_0222.png"; bbox 0 0 2334 3870; ppageno 0'>
   <div class='ocr_carea' id='block_1_1' title="bbox 508 211 1088 271">
    <p class='ocr_par' dir='ltr' id='par_1_1' title="bbox 508 211 1088 271">
     <span class='ocr_line' id='line_1_1' title="bbox 508 211 1088 271; baseline 0.01 -6"><span class='ocrx_word' id='word_1_1' title='bbox 508 219 679 268; x_wconf 80' lang='lat' dir='ltr'><strong>nrannrus.</strong></span> <span class='ocrx_word' id='word_1_2' title='bbox 1030 211 1088 271; x_wconf 91' lang='lat'><strong>111</strong></span> 
     </span>
    </p>
   </div>
   <div class='ocr_carea' id='block_1_2' title="bbox 55 373 1137 1376">
    <p class='ocr_par' dir='ltr' id='par_1_2' title="bbox 55 373 1137 1376">
     <span class='ocr_line' id='line_1_2' title="bbox 93 373 1093 456; baseline 0 -18"><span class='ocrx_word' id='word_1_3' title='bbox 93 379 143 438; x_wconf 87' lang='lat' dir='ltr'><strong>bat</strong></span> <span class='ocrx_word' id='word_1_4' title='bbox 167 375 274 454; x_wconf 88' lang='lat' dir='ltr'><strong>accipi,</strong></span> <span class='ocrx_word' id='word_1_5' title='bbox 298 373 474 451; x_wconf 90' lang='lat' dir='ltr'><strong>dicebatque</strong></span> <span class='ocrx_word' id='word_1_6' title='bbox 494 373 666 435; x_wconf 80' lang='lat' dir='ltr'><strong>identidem:</strong></span> <span class='ocrx_word' id='word_1_7' title='bbox 690 373 835 452; x_wconf 78' lang='lat' dir='ltr'><strong><em>Oderint,</em></strong></span> <span class='ocrx_word' id='word_1_8' title='bbox 860 375 930 437; x_wconf 82' lang='lat' dir='ltr'><strong>dam</strong></span> <span class='ocrx_word' id='word_1_9' title='bbox 940 377 1093 456; x_wconf 79' lang='lat' dir='ltr'><em>probent!</em></span> 
     </span>
     <span class='ocr_line' id='line_1_3' title="bbox 92 458 861 540; baseline -0.005 -17"><span class='ocrx_word' id='word_1_10' title='bbox 92 464 165 523; x_wconf 84' lang='lat' dir='ltr'>Dein</span> <span class='ocrx_word' id='word_1_11' title='bbox 180 479 248 520; x_wconf 88' lang='lat' dir='ltr'><strong>vera</strong></span> <span class='ocrx_word' id='word_1_12' title='bbox 266 459 352 540; x_wconf 88' lang='lat' dir='ltr'><strong>plane</strong></span> <span class='ocrx_word' id='word_1_13' title='bbox 371 466 509 535; x_wconf 90' lang='lat' dir='ltr'><strong>certaque</strong></span> <span class='ocrx_word' id='word_1_14' title='bbox 522 477 588 519; x_wconf 93' lang='lat' dir='ltr'><strong>esse</strong></span> <span class='ocrx_word' id='word_1_15' title='bbox 603 462 668 539; x_wconf 89' lang='lat' dir='ltr'><strong>ipse</strong></span> <span class='ocrx_word' id='word_1_16' title='bbox 681 461 752 521; x_wconf 91' lang='lat' dir='ltr'><strong>fecit</strong></span> <span class='ocrx_word' id='word_1_17' title='bbox 760 458 861 520; x_wconf 78' lang='lat' dir='ltr'><strong>‘fldem</strong></span> 
     </span>
     <span class='ocr_line' id='line_1_4' title="bbox 152 541 1137 625; baseline 0 -19"><span class='ocrx_word' id='word_1_18' title='bbox 152 547 185 607; x_wconf 91' lang='lat' dir='ltr'><strong>lu</strong></span> <span class='ocrx_word' id='word_1_19' title='bbox 201 545 301 625; x_wconf 79' lang='lat' dir='ltr'>paucis</span> <span class='ocrx_word' id='word_1_20' title='bbox 317 542 420 602; x_wconf 90' lang='lat' dir='ltr'><strong>diebus</strong></span> <span class='ocrx_word' id='word_1_21' title='bbox 438 560 520 621; x_wconf 90' lang='lat' dir='ltr'><strong>qnam</strong></span> <span class='ocrx_word' id='word_1_22' title='bbox 537 541 666 623; x_wconf 76' lang='lat' dir='ltr'>Capreas</span> <span class='ocrx_word' id='word_1_23' title='bbox 684 546 778 623; x_wconf 87' lang='lat' dir='ltr'><strong>attigit</strong></span> <span class='ocrx_word' id='word_1_24' title='bbox 792 548 950 625; x_wconf 79' lang='lat' dir='ltr'><strong>piscatori,</strong></span> <span class='ocrx_word' id='word_1_25' title='bbox 973 549 1020 625; x_wconf 89' lang='lat' dir='ltr'><strong>qui</strong></span> <span class='ocrx_word' id='word_1_26' title='bbox 1036 547 1137 616; x_wconf 71' lang='lat' dir='ltr'><strong>sibico</strong></span> 
     </span>
     <span class='ocr_line' id='line_1_5' title="bbox 92 626 1093 710; baseline -0.002 -16"><span class='ocrx_word' id='word_1_27' title='bbox 92 640 237 694; x_wconf 87' lang='lat' dir='ltr'><strong>secretum</strong></span> <span class='ocrx_word' id='word_1_28' title='bbox 255 629 352 705; x_wconf 87' lang='lat' dir='ltr'><strong>agenti</strong></span> <span class='ocrx_word' id='word_1_29' title='bbox 367 626 507 702; x_wconf 82' lang='lat' dir='ltr'><strong>grandem</strong></span> <span class='ocrx_word' id='word_1_30' title='bbox 520 628 637 687; x_wconf 90' lang='lat' dir='ltr'><strong>mullum</strong></span> <span class='ocrx_word' id='word_1_31' title='bbox 651 630 833 708; x_wconf 79' lang='lat' dir='ltr'><strong>inopinanter</strong></span> <span class='ocrx_word' id='word_1_32' title='bbox 848 630 1011 708; x_wconf 89' lang='lat' dir='ltr'><strong>obtulerat,</strong></span> <span class='ocrx_word' id='word_1_33' title='bbox 1026 647 1093 710; x_wconf 90' lang='lat' dir='ltr'><strong>per·</strong></span> 
     </span>
     <span class='ocr_line' id='line_1_6' title="bbox 69 711 1094 795; baseline -0.005 -16"><span class='ocrx_word' id='word_1_34' title='bbox 69 715 192 780; x_wconf 80' lang='lat' dir='ltr'><strong>africani</strong></span> <span class='ocrx_word' id='word_1_35' title='bbox 214 712 316 772; x_wconf 91' lang='lat' dir='ltr'><strong>eodem</strong></span> <span class='ocrx_word' id='word_1_36' title='bbox 338 712 421 789; x_wconf 89' lang='lat' dir='ltr'><strong>pisce</strong></span> <span class='ocrx_word' id='word_1_37' title='bbox 442 711 548 770; x_wconf 83' lang='lat' dir='ltr'><strong>faciem</strong></span> <span class='ocrx_word' id='word_1_38' title='bbox 570 713 667 788; x_wconf 90' lang='lat' dir='ltr'><strong>iussit,</strong></span> <span class='ocrx_word' id='word_1_39' title='bbox 682 715 814 792; x_wconf 83' lang='lat' dir='ltr'><strong>territus,</strong></span> <span class='ocrx_word' id='word_1_40' title='bbox 836 714 914 795; x_wconf 93' lang='lat' dir='ltr'><strong>quod</strong></span> <span class='ocrx_word' id='word_1_41' title='bbox 936 717 961 774; x_wconf 91' lang='lat' dir='ltr'><strong>is</strong></span> <span class='ocrx_word' id='word_1_42' title='bbox 978 723 1094 793; x_wconf 87' lang='lat' dir='ltr'><strong>atergo</strong></span> 
     </span>
     <span class='ocr_line' id='line_1_7' title="bbox 91 793 1096 877; baseline -0.002 -17"><span class='ocrx_word' id='word_1_43' title='bbox 91 798 205 863; x_wconf 86' lang='lat' dir='ltr'><strong>insulae</strong></span> <span class='ocrx_word' id='word_1_44' title='bbox 223 813 276 875; x_wconf 92' lang='lat' dir='ltr'><strong>per</strong></span> <span class='ocrx_word' id='word_1_45' title='bbox 291 811 397 873; x_wconf 88' lang='lat' dir='ltr'><strong>aspera</strong></span> <span class='ocrx_word' id='word_1_46' title='bbox 409 803 438 853; x_wconf 88' lang='lat' dir='ltr'><strong>et</strong></span> <span class='ocrx_word' id='word_1_47' title='bbox 453 793 537 854; x_wconf 88' lang='lat' dir='ltr'><strong>devia</strong></span> <span class='ocrx_word' id='word_1_48' title='bbox 550 797 709 872; x_wconf 82' lang='lat' dir='ltr'><strong>erepsisset</strong></span> <span class='ocrx_word' id='word_1_49' title='bbox 721 797 757 856; x_wconf 92' lang='lat' dir='ltr'><strong>ad</strong></span> <span class='ocrx_word' id='word_1_50' title='bbox 769 816 815 868; x_wconf 87' lang='lat' dir='ltr'><strong>se;</strong></span> <span class='ocrx_word' id='word_1_51' title='bbox 832 799 988 877; x_wconf 80' lang='lat' dir='ltr'><strong>gratulanti</strong></span> <span class='ocrx_word' id='word_1_52' title='bbox 1001 807 1096 860; x_wconf 89' lang='lat' dir='ltr'><strong>autem</strong></span> 
     </span>
     <span class='ocr_line' id='line_1_8' title="bbox 85 877 1095 960; baseline 0.004 -19"><span class='ocrx_word' id='word_1_53' title='bbox 85 886 168 943; x_wconf 68' lang='lat' dir='ltr'><strong>vinter</strong></span> <span class='ocrx_word' id='word_1_54' title='bbox 184 895 318 960; x_wconf 90' lang='lat' dir='ltr'><strong>poenam,</strong></span> <span class='ocrx_word' id='word_1_55' title='bbox 336 877 412 957; x_wconf 91' lang='lat' dir='ltr'><strong>quod</strong></span> <span class='ocrx_word' id='word_1_56' title='bbox 429 895 487 938; x_wconf 92' lang='lat' dir='ltr'><strong>non</strong></span> <span class='ocrx_word' id='word_1_57' title='bbox 504 887 533 939; x_wconf 88' lang='lat' dir='ltr'><strong>et</strong></span> <span class='ocrx_word' id='word_1_58' title='bbox 548 879 705 957; x_wconf 80' lang='lat' dir='ltr'><strong>lucustam,</strong></span> <span class='ocrx_word' id='word_1_59' title='bbox 723 897 806 959; x_wconf 89' lang='lat' dir='ltr'><strong>quam</strong></span> <span class='ocrx_word' id='word_1_60' title='bbox 822 883 1031 960; x_wconf 81' lang='lat' dir='ltr'><strong>praegrandem</strong></span> <span class='ocrx_word' id='word_1_61' title='bbox 1048 901 1095 945; x_wconf 83' lang='lat' dir='ltr'><strong>ce·</strong></span> 
     </span>
     <span class='ocr_line' id='line_1_9' title="bbox 93 962 1095 1046; baseline 0.001 -20"><span class='ocrx_word' id='word_1_62' title='bbox 93 974 192 1046; x_wconf 86' lang='lat' dir='ltr'><strong>perat,</strong></span> <span class='ocrx_word' id='word_1_63' title='bbox 215 963 379 1039; x_wconf 89' lang='lat' dir='ltr'><strong>obtulisset,</strong></span> <span class='ocrx_word' id='word_1_64' title='bbox 396 962 508 1024; x_wconf 79' lang='lat' dir='ltr'><strong>lucusta</strong></span> <span class='ocrx_word' id='word_1_65' title='bbox 524 980 642 1042; x_wconf 90' lang='lat' dir='ltr'><strong>quoque</strong></span> <span class='ocrx_word' id='word_1_66' title='bbox 656 964 780 1025; x_wconf 88' lang='lat' dir='ltr'><strong>lacerari</strong></span> <span class='ocrx_word' id='word_1_67' title='bbox 797 982 830 1024; x_wconf 91' lang='lat' dir='ltr'><strong>us</strong></span> <span class='ocrx_word' id='word_1_68' title='bbox 846 968 1007 1044; x_wconf 87' lang='lat' dir='ltr'><strong>imperavit.</strong></span> <span class='ocrx_word' id='word_1_69' title='bbox 1043 968 1095 1029; x_wconf 88' lang='lat' dir='ltr'><strong>lli·</strong></span> 
     </span>
     <span class='ocr_line' id='line_1_10' title="bbox 90 1047 1096 1129; baseline -0.001 -18"><span class='ocrx_word' id='word_1_70' title='bbox 90 1052 170 1111; x_wconf 88' lang='lat' dir='ltr'><strong>litem</strong></span> <span class='ocrx_word' id='word_1_71' title='bbox 185 1047 399 1128; x_wconf 87' lang='lat' dir='ltr'><strong>praetorianum</strong></span> <span class='ocrx_word' id='word_1_72' title='bbox 414 1047 452 1106; x_wconf 89' lang='lat' dir='ltr'><strong>ub</strong></span> <span class='ocrx_word' id='word_1_73' title='bbox 465 1047 634 1125; x_wconf 87' lang='lat' dir='ltr'><strong>subreptum</strong></span> <span class='ocrx_word' id='word_1_74' title='bbox 649 1066 666 1107; x_wconf 91' lang='lat' dir='ltr'><strong>e</strong></span> <span class='ocrx_word' id='word_1_75' title='bbox 682 1049 827 1110; x_wconf 84' lang='lat' dir='ltr'><strong>viridiario</strong></span> <span class='ocrx_word' id='word_1_76' title='bbox 844 1067 988 1129; x_wconf 88' lang='lat' dir='ltr'><strong>pavonem</strong></span> <span class='ocrx_word' id='word_1_77' title='bbox 1001 1052 1096 1129; x_wconf 91' lang='lat' dir='ltr'><strong>capite</strong></span> 
     </span>
     <span class='ocr_line' id='line_1_11' title="bbox 55 1129 1097 1214; baseline 0.001 -21"><span class='ocrx_word' id='word_1_78' title='bbox 55 1135 190 1214; x_wconf 84' lang='lat' dir='ltr'><strong>10puniit.</strong></span> <span class='ocrx_word' id='word_1_79' title='bbox 222 1131 255 1192; x_wconf 91' lang='lat' dir='ltr'><strong>ln</strong></span> <span class='ocrx_word' id='word_1_80' title='bbox 275 1129 397 1211; x_wconf 89' lang='lat' dir='ltr'><strong>quodam</strong></span> <span class='ocrx_word' id='word_1_81' title='bbox 413 1131 517 1192; x_wconf 87' lang='lat' dir='ltr'><strong>itinere</strong></span> <span class='ocrx_word' id='word_1_82' title='bbox 540 1132 661 1210; x_wconf 80' lang='lat' dir='ltr'><strong>lectica,</strong></span> <span class='ocrx_word' id='word_1_83' title='bbox 684 1151 739 1212; x_wconf 89' lang='lat' dir='ltr'><strong>qua</strong></span> <span class='ocrx_word' id='word_1_84' title='bbox 756 1133 934 1212; x_wconf 88' lang='lat' dir='ltr'><strong>vehebatur,</strong></span> <span class='ocrx_word' id='word_1_85' title='bbox 957 1134 1097 1214; x_wconf 90' lang='lat' dir='ltr'><strong>vepribus</strong></span> 
     </span>
     <span class='ocr_line' id='line_1_12' title="bbox 89 1215 1096 1298; baseline -0.001 -19"><span class='ocrx_word' id='word_1_86' title='bbox 89 1217 243 1298; x_wconf 91' lang='lat' dir='ltr'><strong>impedita,</strong></span> <span class='ocrx_word' id='word_1_87' title='bbox 273 1215 489 1293; x_wconf 88' lang='lat' dir='ltr'><strong>exploratorem</strong></span> <span class='ocrx_word' id='word_1_88' title='bbox 515 1218 598 1294; x_wconf 87' lang='lat' dir='ltr'><strong>viae,</strong></span> <span class='ocrx_word' id='word_1_89' title='bbox 633 1218 788 1295; x_wconf 91' lang='lat' dir='ltr'><strong>primarum</strong></span> <span class='ocrx_word' id='word_1_90' title='bbox 811 1219 974 1283; x_wconf 88' lang='lat' dir='ltr'><strong>cohortium</strong></span> <span class='ocrx_word' id='word_1_91' title='bbox 997 1229 1096 1279; x_wconf 91' lang='lat' dir='ltr'><strong>centu·</strong></span> 
     </span>
     <span class='ocr_line' id='line_1_13' title="bbox 89 1297 1135 1376; baseline 0 -12"><span class='ocrx_word' id='word_1_92' title='bbox 89 1305 218 1376; x_wconf 87' lang='lat' dir='ltr'><strong>rionem,</strong></span> <span class='ocrx_word' id='word_1_93' title='bbox 245 1308 363 1358; x_wconf 89' lang='lat' dir='ltr'><strong>stratum</strong></span> <span class='ocrx_word' id='word_1_94' title='bbox 381 1297 458 1356; x_wconf 92' lang='lat' dir='ltr'><strong>humi</strong></span> <span class='ocrx_word' id='word_1_95' title='bbox 478 1318 572 1375; x_wconf 91' lang='lat' dir='ltr'><strong>paene</strong></span> <span class='ocrx_word' id='word_1_96' title='bbox 594 1300 631 1359; x_wconf 90' lang='lat' dir='ltr'><strong>ad</strong></span> <span class='ocrx_word' id='word_1_97' title='bbox 652 1319 754 1362; x_wconf 88' lang='lat' dir='ltr'><strong>necem</strong></span> <span class='ocrx_word' id='word_1_98' title='bbox 773 1305 951 1367; x_wconf 83' lang='lat' dir='ltr'><strong>verberavit.</strong></span> <span class='ocrx_word' id='word_1_99' title='bbox 981 1303 1050 1364; x_wconf 85' lang='lat' dir='ltr'><strong>Mox</strong></span> <span class='ocrx_word' id='word_1_100' title='bbox 1066 1305 1095 1364; x_wconf 91' lang='lat' dir='ltr'><strong>iu</strong></span> <span class='ocrx_word' id='word_1_101' title='bbox 1104 1315 1135 1370; x_wconf 85' lang='lat'><strong>61</strong></span> 
     </span>
    </p>
   </div>
   <div class='ocr_carea' id='block_1_3' title="bbox 93 1378 1099 1545">
    <p class='ocr_par' dir='ltr' id='par_1_3' title="bbox 93 1378 1099 1545">
     <span class='ocr_line' id='line_1_14' title="bbox 93 1378 1095 1462; baseline 0 -17"><span class='ocrx_word' id='word_1_102' title='bbox 93 1403 177 1445; x_wconf 92' lang='lat' dir='ltr'><strong>omne</strong></span> <span class='ocrx_word' id='word_1_103' title='bbox 193 1399 287 1458; x_wconf 88' lang='lat' dir='ltr'><strong>genus</strong></span> <span class='ocrx_word' id='word_1_104' title='bbox 303 1378 481 1437; x_wconf 88' lang='lat' dir='ltr'><strong>crudelitatis</strong></span> <span class='ocrx_word' id='word_1_105' title='bbox 496 1382 608 1457; x_wconf 82' lang='lat' dir='ltr'><strong>erupit,</strong></span> <span class='ocrx_word' id='word_1_106' title='bbox 626 1400 777 1459; x_wconf 91' lang='lat' dir='ltr'><strong>numquam</strong></span> <span class='ocrx_word' id='word_1_107' title='bbox 795 1388 949 1446; x_wconf 86' lang='lat' dir='ltr'><strong>deficiente</strong></span> <span class='ocrx_word' id='word_1_108' title='bbox 965 1389 1095 1462; x_wconf 91' lang='lat' dir='ltr'><strong>materia,</strong></span> 
     </span>
     <span class='ocr_line' id='line_1_15' title="bbox 95 1460 1099 1545; baseline -0.003 -17"><span class='ocrx_word' id='word_1_109' title='bbox 95 1487 158 1528; x_wconf 91' lang='lat' dir='ltr'><strong>cum</strong></span> <span class='ocrx_word' id='word_1_110' title='bbox 172 1466 264 1544; x_wconf 89' lang='lat' dir='ltr'><strong>primo</strong></span> <span class='ocrx_word' id='word_1_111' title='bbox 277 1463 393 1535; x_wconf 87' lang='lat' dir='ltr'><strong>matris,</strong></span> <span class='ocrx_word' id='word_1_112' title='bbox 410 1460 513 1520; x_wconf 91' lang='lat' dir='ltr'><strong>deinde</strong></span> <span class='ocrx_word' id='word_1_113' title='bbox 528 1471 666 1540; x_wconf 88' lang='lat' dir='ltr'><strong>nepotum</strong></span> <span class='ocrx_word' id='word_1_114' title='bbox 683 1473 712 1522; x_wconf 86' lang='lat' dir='ltr'><strong>et</strong></span> <span class='ocrx_word' id='word_1_115' title='bbox 722 1483 820 1542; x_wconf 90' lang='lat' dir='ltr'><strong>nurus,</strong></span> <span class='ocrx_word' id='word_1_116' title='bbox 833 1478 983 1545; x_wconf 88' lang='lat' dir='ltr'><strong>postremo</strong></span> <span class='ocrx_word' id='word_1_117' title='bbox 1000 1468 1099 1525; x_wconf 90' lang='lat' dir='ltr'><strong>Seiani</strong></span> 
     </span>
    </p>
   </div>
   <div class='ocr_carea' id='block_1_4' title="bbox 56 1545 1121 3567">
    <p class='ocr_par' dir='ltr' id='par_1_4' title="bbox 58 1545 1121 1963">
     <span class='ocr_line' id='line_1_16' title="bbox 58 1545 1097 1627; baseline -0.007 -11"><span class='ocrx_word' id='word_1_118' title='bbox 58 1576 84 1616; x_wconf 81' lang='lat'><strong>15</strong></span> <span class='ocrx_word' id='word_1_119' title='bbox 94 1549 253 1612; x_wconf 85' lang='lat' dir='ltr'><strong>familiares</strong></span> <span class='ocrx_word' id='word_1_120' title='bbox 268 1554 353 1623; x_wconf 90' lang='lat' dir='ltr'><strong>atque</strong></span> <span class='ocrx_word' id='word_1_121' title='bbox 372 1545 456 1604; x_wconf 90' lang='lat' dir='ltr'><strong>etiam</strong></span> <span class='ocrx_word' id='word_1_122' title='bbox 470 1551 556 1604; x_wconf 89' lang='lat' dir='ltr'><strong>notos</strong></span> <span class='ocrx_word' id='word_1_123' title='bbox 572 1556 824 1624; x_wconf 88' lang='lat' dir='ltr'><strong>persequeretur;.</strong></span> <span class='ocrx_word' id='word_1_124' title='bbox 834 1558 900 1627; x_wconf 89' lang='lat' dir='ltr'><strong>post</strong></span> <span class='ocrx_word' id='word_1_125' title='bbox 917 1551 998 1607; x_wconf 90' lang='lat' dir='ltr'><strong>cuius</strong></span> <span class='ocrx_word' id='word_1_126' title='bbox 1012 1550 1097 1609; x_wconf 87' lang='lat' dir='ltr'><strong>iuter-</strong></span> 
     </span>
     <span class='ocr_line' id='line_1_17' title="bbox 94 1629 1098 1709; baseline -0.003 -14"><span class='ocrx_word' id='word_1_127' title='bbox 94 1638 163 1695; x_wconf 89' lang='lat' dir='ltr'><strong>itum</strong></span> <span class='ocrx_word' id='word_1_128' title='bbox 181 1631 230 1691; x_wconf 91' lang='lat' dir='ltr'><strong>vel</strong></span> <span class='ocrx_word' id='word_1_129' title='bbox 246 1629 431 1690; x_wconf 87' lang='lat' dir='ltr'><strong>saevissimus</strong></span> <span class='ocrx_word' id='word_1_130' title='bbox 448 1631 550 1689; x_wconf 83' lang='lat' dir='ltr'><strong>extitit.</strong></span> <span class='ocrx_word' id='word_1_131' title='bbox 582 1630 647 1705; x_wconf 83' lang='lat' dir='ltr'><strong>Quo</strong></span> <span class='ocrx_word' id='word_1_132' title='bbox 663 1632 785 1691; x_wconf 86' lang='lat' dir='ltr'><strong>maxime</strong></span> <span class='ocrx_word' id='word_1_133' title='bbox 802 1634 951 1709; x_wconf 91' lang='lat' dir='ltr'><strong>apparuit,</strong></span> <span class='ocrx_word' id='word_1_134' title='bbox 968 1641 1098 1693; x_wconf 89' lang='lat' dir='ltr'><strong>nontam</strong></span> 
     </span>
     <span class='ocr_line' id='line_1_18' title="bbox 93 1714 1099 1799; baseline -0.003 -20"><span class='ocrx_word' id='word_1_135' title='bbox 93 1722 187 1799; x_wconf 91' lang='lat' dir='ltr'><strong>ipsum</strong></span> <span class='ocrx_word' id='word_1_136' title='bbox 209 1715 245 1776; x_wconf 90' lang='lat' dir='ltr'><strong>ab</strong></span> <span class='ocrx_word' id='word_1_137' title='bbox 263 1714 370 1774; x_wconf 87' lang='lat' dir='ltr'><strong>Seiano</strong></span> <span class='ocrx_word' id='word_1_138' title='bbox 387 1715 528 1775; x_wconf 88' lang='lat' dir='ltr'><strong>concitari</strong></span> <span class='ocrx_word' id='word_1_139' title='bbox 543 1715 673 1792; x_wconf 89' lang='lat' dir='ltr'><strong>solitum,</strong></span> <span class='ocrx_word' id='word_1_140' title='bbox 697 1733 781 1794; x_wconf 93' lang='lat' dir='ltr'><strong>quam</strong></span> <span class='ocrx_word' id='word_1_141' title='bbox 799 1717 933 1776; x_wconf 87' lang='lat' dir='ltr'><strong>Seianum</strong></span> <span class='ocrx_word' id='word_1_142' title='bbox 949 1717 1099 1794; x_wconf 85' lang='lat' dir='ltr'><strong>quaerenti</strong></span> 
     </span>
     <span class='ocr_line' id='line_1_19' title="bbox 94 1799 1098 1878; baseline -0.002 -14"><span class='ocrx_word' id='word_1_143' title='bbox 94 1803 268 1864; x_wconf 89' lang='lat' dir='ltr'><strong>occasiones</strong></span> <span class='ocrx_word' id='word_1_144' title='bbox 290 1800 545 1870; x_wconf 90' lang='lat' dir='ltr'><strong>sumministrasse;</strong></span> <span class='ocrx_word' id='word_1_145' title='bbox 571 1801 625 1860; x_wconf 90' lang='lat' dir='ltr'><strong>etsi</strong></span> <span class='ocrx_word' id='word_1_146' title='bbox 642 1803 864 1878; x_wconf 89' lang='lat' dir='ltr'><strong>commentario,</strong></span> <span class='ocrx_word' id='word_1_147' title='bbox 888 1817 973 1878; x_wconf 92' lang='lat' dir='ltr'><strong>quem</strong></span> <span class='ocrx_word' id='word_1_148' title='bbox 989 1799 1025 1860; x_wconf 88' lang='lat' dir='ltr'><strong>de</strong></span> <span class='ocrx_word' id='word_1_149' title='bbox 1040 1800 1098 1862; x_wconf 85' lang='lat' dir='ltr'><strong>vita</strong></span> 
     </span>
     <span class='ocr_line' id='line_1_20' title="bbox 94 1882 1121 1963; baseline -0.004 -15"><span class='ocrx_word' id='word_1_150' title='bbox 94 1906 145 1949; x_wconf 88' lang='lat' dir='ltr'><strong>sua</strong></span> <span class='ocrx_word' id='word_1_151' title='bbox 171 1885 328 1945; x_wconf 90' lang='lat' dir='ltr'><strong>summatim</strong></span> <span class='ocrx_word' id='word_1_152' title='bbox 351 1882 537 1963; x_wconf 87' lang='lat' dir='ltr'><strong>breviterque</strong></span> <span class='ocrx_word' id='word_1_153' title='bbox 563 1888 740 1963; x_wconf 88' lang='lat' dir='ltr'><strong>composuit,</strong></span> <span class='ocrx_word' id='word_1_154' title='bbox 773 1904 859 1945; x_wconf 90' lang='lat' dir='ltr'><strong>ausus</strong></span> <span class='ocrx_word' id='word_1_155' title='bbox 885 1894 929 1944; x_wconf 91' lang='lat' dir='ltr'><strong>est</strong></span> <span class='ocrx_word' id='word_1_156' title='bbox 955 1884 1121 1963; x_wconf 33' lang='lat' dir='ltr'><strong>scribere,-</strong></span> 
     </span>
    </p>

    <p class='ocr_par' dir='ltr' id='par_1_5' title="bbox 56 1967 1099 2217">
     <span class='ocr_line' id='line_1_21' title="bbox 56 1967 1099 2048; baseline -0.002 -15"><span class='ocrx_word' id='word_1_157' title='bbox 56 1971 241 2039; x_wconf 61' lang='lat' dir='ltr'><strong>oscaram</strong></span> <span class='ocrx_word' id='word_1_158' title='bbox 267 1985 301 2026; x_wconf 85' lang='lat' dir='ltr'><strong>se</strong></span> <span class='ocrx_word' id='word_1_159' title='bbox 323 1967 467 2047; x_wconf 78' lang='lat' dir='ltr'><strong>punisse,</strong></span> <span class='ocrx_word' id='word_1_160' title='bbox 491 1968 574 2046; x_wconf 83' lang='lat' dir='ltr'><strong>qood</strong></span> <span class='ocrx_word' id='word_1_161' title='bbox 592 1970 792 2047; x_wconf 82' lang='lat' dir='ltr'><strong>comperisset</strong></span> <span class='ocrx_word' id='word_1_162' title='bbox 811 1968 919 2048; x_wconf 71' lang='lat' dir='ltr'><strong>ferrera</strong></span> <span class='ocrx_word' id='word_1_163' title='bbox 945 1969 1099 2031; x_wconf 73' lang='lat' dir='ltr'><strong>adversam</strong></span> 
     </span>
     <span class='ocr_line' id='line_1_22' title="bbox 93 2050 1099 2134; baseline -0.003 -16"><span class='ocrx_word' id='word_1_164' title='bbox 93 2055 211 2118; x_wconf 79' lang='lat' dir='ltr'><strong>liberor</strong></span> <span class='ocrx_word' id='word_1_165' title='bbox 226 2050 404 2112; x_wconf 72' lang='lat' dir='ltr'><strong>Germanici</strong></span> <span class='ocrx_word' id='word_1_166' title='bbox 423 2050 482 2128; x_wconf 79' lang='lat' dir='ltr'><strong>fittt</strong></span> <span class='ocrx_word' id='word_1_167' title='bbox 497 2052 563 2111; x_wconf 82' lang='lat' dir='ltr'><strong>sci:</strong></span> <span class='ocrx_word' id='word_1_168' title='bbox 590 2071 710 2130; x_wconf 91' lang='lat' dir='ltr'><strong>quorum</strong></span> <span class='ocrx_word' id='word_1_169' title='bbox 732 2054 797 2131; x_wconf 92' lang='lat' dir='ltr'><strong>ipse</strong></span> <span class='ocrx_word' id='word_1_170' title='bbox 818 2053 938 2114; x_wconf 90' lang='lat' dir='ltr'><strong>alterum</strong></span> <span class='ocrx_word' id='word_1_171' title='bbox 957 2064 1099 2134; x_wconf 87' lang='lat' dir='ltr'><strong>suspecto</strong></span> 
     </span>
     <span class='ocr_line' id='line_1_23' title="bbox 93 2134 884 2217; baseline -0.005 -16"><span class='ocrx_word' id='word_1_172' title='bbox 93 2143 163 2217; x_wconf 90' lang='lat' dir='ltr'><strong>iam,</strong></span> <span class='ocrx_word' id='word_1_173' title='bbox 179 2138 300 2197; x_wconf 89' lang='lat' dir='ltr'><strong>alterum</strong></span> <span class='ocrx_word' id='word_1_174' title='bbox 319 2152 465 2213; x_wconf 88' lang='lat' dir='ltr'><strong>oppresso</strong></span> <span class='ocrx_word' id='word_1_175' title='bbox 482 2134 593 2194; x_wconf 93' lang='lat' dir='ltr'><strong>demum</strong></span> <span class='ocrx_word' id='word_1_176' title='bbox 607 2136 713 2197; x_wconf 87' lang='lat' dir='ltr'><strong>Seiano</strong></span> <span class='ocrx_word' id='word_1_177' title='bbox 731 2138 884 2197; x_wconf 86' lang='lat' dir='ltr'><strong>interemit.</strong></span> 
     </span>
    </p>

    <p class='ocr_par' dir='ltr' id='par_1_6' title="bbox 58 2218 1100 3567">
     <span class='ocr_line' id='line_1_24' title="bbox 159 2218 1097 2300; baseline 0 -18"><span class='ocrx_word' id='word_1_178' title='bbox 159 2220 332 2299; x_wconf 87' lang='lat' dir='ltr'><strong>Singillatim</strong></span> <span class='ocrx_word' id='word_1_179' title='bbox 355 2218 509 2278; x_wconf 88' lang='lat' dir='ltr'><strong>crudeliter</strong></span> <span class='ocrx_word' id='word_1_180' title='bbox 531 2218 608 2279; x_wconf 87' lang='lat' dir='ltr'><strong>facta</strong></span> <span class='ocrx_word' id='word_1_181' title='bbox 628 2220 688 2280; x_wconf 90' lang='lat' dir='ltr'><strong>eius</strong></span> <span class='ocrx_word' id='word_1_182' title='bbox 706 2224 812 2300; x_wconf 83' lang='lat' dir='ltr'><strong>exequi</strong></span> <span class='ocrx_word' id='word_1_183' title='bbox 828 2223 945 2300; x_wconf 90' lang='lat' dir='ltr'><strong>longum</strong></span> <span class='ocrx_word' id='word_1_184' title='bbox 963 2231 1022 2282; x_wconf 88' lang='lat' dir='ltr'><strong>est:</strong></span> <span class='ocrx_word' id='word_1_185' title='bbox 1047 2241 1097 2300; x_wconf 82' lang='lat' dir='ltr'><strong>ge-</strong></span> 
     </span>
     <span class='ocr_line' id='line_1_25' title="bbox 94 2304 1099 2383; baseline -0.002 -15"><span class='ocrx_word' id='word_1_186' title='bbox 94 2326 182 2383; x_wconf 90' lang='lat' dir='ltr'><strong>nera,</strong></span> <span class='ocrx_word' id='word_1_187' title='bbox 199 2306 277 2365; x_wconf 87' lang='lat' dir='ltr'><strong>velut</strong></span> <span class='ocrx_word' id='word_1_188' title='bbox 294 2304 473 2382; x_wconf 85' lang='lat' dir='ltr'><strong>exemplaria</strong></span> <span class='ocrx_word' id='word_1_189' title='bbox 488 2304 637 2380; x_wconf 88' lang='lat' dir='ltr'><strong>saevitiae,</strong></span> <span class='ocrx_word' id='word_1_190' title='bbox 653 2323 822 2366; x_wconf 88' lang='lat' dir='ltr'><strong>enumerare</strong></span> <span class='ocrx_word' id='word_1_191' title='bbox 839 2316 882 2367; x_wconf 90' lang='lat' dir='ltr'><strong>sat</strong></span> <span class='ocrx_word' id='word_1_192' title='bbox 898 2308 961 2366; x_wconf 90' lang='lat' dir='ltr'><strong>erit.</strong></span> <span class='ocrx_word' id='word_1_193' title='bbox 996 2304 1099 2366; x_wconf 88' lang='lat' dir='ltr'><strong>Nullus</strong></span> 
     </span>
     <span class='ocr_line' id='line_1_26' title="bbox 58 2388 1099 2470; baseline -0.003 -18"><span class='ocrx_word' id='word_1_194' title='bbox 58 2412 112 2463; x_wconf 79' lang='lat' dir='ltr'><strong>25a</strong></span> <span class='ocrx_word' id='word_1_195' title='bbox 139 2407 234 2470; x_wconf 91' lang='lat' dir='ltr'><strong>poena</strong></span> <span class='ocrx_word' id='word_1_196' title='bbox 258 2389 400 2449; x_wconf 90' lang='lat' dir='ltr'><strong>hominum</strong></span> <span class='ocrx_word' id='word_1_197' title='bbox 428 2388 554 2447; x_wconf 88' lang='lat' dir='ltr'><strong>cessavit</strong></span> <span class='ocrx_word' id='word_1_198' title='bbox 580 2388 656 2465; x_wconf 91' lang='lat' dir='ltr'><strong>dies,</strong></span> <span class='ocrx_word' id='word_1_199' title='bbox 685 2408 721 2448; x_wconf 90' lang='lat' dir='ltr'><strong>ne</strong></span> <span class='ocrx_word' id='word_1_200' title='bbox 744 2390 902 2467; x_wconf 89' lang='lat' dir='ltr'><strong>religiosus</strong></span> <span class='ocrx_word' id='word_1_201' title='bbox 925 2389 1040 2470; x_wconf 91' lang='lat' dir='ltr'><strong>quidem</strong></span> <span class='ocrx_word' id='word_1_202' title='bbox 1064 2407 1099 2449; x_wconf 89' lang='lat' dir='ltr'><strong>ac</strong></span> 
     </span>
     <span class='ocr_line' id='line_1_27' title="bbox 96 2472 1098 2550; baseline -0.005 -12"><span class='ocrx_word' id='word_1_203' title='bbox 96 2494 195 2544; x_wconf 89' lang='lat' dir='ltr'><strong>sacer;</strong></span> <span class='ocrx_word' id='word_1_204' title='bbox 215 2472 443 2533; x_wconf 90' lang='lat' dir='ltr'><strong>animadversum</strong></span> <span class='ocrx_word' id='word_1_205' title='bbox 459 2472 487 2531; x_wconf 95' lang='lat' dir='ltr'><strong>in</strong></span> <span class='ocrx_word' id='word_1_206' title='bbox 503 2472 642 2550; x_wconf 89' lang='lat' dir='ltr'><strong>quosdam</strong></span> <span class='ocrx_word' id='word_1_207' title='bbox 658 2474 773 2532; x_wconf 93' lang='lat' dir='ltr'><strong>ineunte</strong></span> <span class='ocrx_word' id='word_1_208' title='bbox 790 2491 864 2534; x_wconf 93' lang='lat' dir='ltr'><strong>anno</strong></span> <span class='ocrx_word' id='word_1_209' title='bbox 878 2493 966 2534; x_wconf 89' lang='lat' dir='ltr'><strong>novo.</strong></span> <span class='ocrx_word' id='word_1_210' title='bbox 1002 2474 1098 2536; x_wconf 82' lang='lat' dir='ltr'><strong>Accu·</strong></span> 
     </span>
     <span class='ocr_line' id='line_1_28' title="bbox 96 2556 1097 2637; baseline -0.005 -16"><span class='ocrx_word' id='word_1_211' title='bbox 96 2563 150 2621; x_wconf 89' lang='lat' dir='ltr'><strong>sati</strong></span> <span class='ocrx_word' id='word_1_212' title='bbox 165 2558 346 2636; x_wconf 89' lang='lat' dir='ltr'><strong>damnatique</strong></span> <span class='ocrx_word' id='word_1_213' title='bbox 367 2556 447 2616; x_wconf 90' lang='lat' dir='ltr'><strong>multi</strong></span> <span class='ocrx_word' id='word_1_214' title='bbox 471 2575 533 2616; x_wconf 91' lang='lat' dir='ltr'><strong>eum</strong></span> <span class='ocrx_word' id='word_1_215' title='bbox 554 2557 668 2617; x_wconf 92' lang='lat' dir='ltr'><strong>libertis</strong></span> <span class='ocrx_word' id='word_1_216' title='bbox 689 2565 775 2637; x_wconf 90' lang='lat' dir='ltr'><strong>atque</strong></span> <span class='ocrx_word' id='word_1_217' title='bbox 799 2559 883 2617; x_wconf 86' lang='lat' dir='ltr'><strong>etiam</strong></span> <span class='ocrx_word' id='word_1_218' title='bbox 905 2558 1007 2618; x_wconf 90' lang='lat' dir='ltr'><strong>liberis</strong></span> <span class='ocrx_word' id='word_1_219' title='bbox 1028 2559 1097 2618; x_wconf 91' lang='lat' dir='ltr'><strong>suis.</strong></span> 
     </span>
     <span class='ocr_line' id='line_1_29' title="bbox 95 2639 1098 2720; baseline -0.001 -15"><span class='ocrx_word' id='word_1_220' title='bbox 95 2643 280 2706; x_wconf 88' lang='lat' dir='ltr'><strong>Interdictum</strong></span> <span class='ocrx_word' id='word_1_221' title='bbox 299 2660 335 2702; x_wconf 92' lang='lat' dir='ltr'><strong>ne</strong></span> <span class='ocrx_word' id='word_1_222' title='bbox 356 2643 450 2720; x_wconf 89' lang='lat' dir='ltr'><strong>capite</strong></span> <span class='ocrx_word' id='word_1_223' title='bbox 468 2639 617 2702; x_wconf 86' lang='lat' dir='ltr'><strong>damnatos</strong></span> <span class='ocrx_word' id='word_1_224' title='bbox 634 2642 788 2720; x_wconf 88' lang='lat' dir='ltr'><strong>propinqui</strong></span> <span class='ocrx_word' id='word_1_225' title='bbox 804 2642 947 2719; x_wconf 89' lang='lat' dir='ltr'><strong>lugerent.</strong></span> <span class='ocrx_word' id='word_1_226' title='bbox 970 2643 1098 2707; x_wconf 82' lang='lat' dir='ltr'><strong>Decreta</strong></span> 
     </span>
     <span class='ocr_line' id='line_1_30' title="bbox 96 2726 1097 2805; baseline -0.006 -15"><span class='ocrx_word' id='word_1_227' title='bbox 96 2726 315 2790; x_wconf 86' lang='lat' dir='ltr'><strong>accusatoribus</strong></span> <span class='ocrx_word' id='word_1_228' title='bbox 333 2726 491 2805; x_wconf 88' lang='lat' dir='ltr'><strong>praecipua</strong></span> <span class='ocrx_word' id='word_1_229' title='bbox 514 2727 659 2805; x_wconf 90' lang='lat' dir='ltr'><strong>praemia,</strong></span> <span class='ocrx_word' id='word_1_230' title='bbox 682 2744 893 2805; x_wconf 88' lang='lat' dir='ltr'><strong>nonnumquam</strong></span> <span class='ocrx_word' id='word_1_231' title='bbox 915 2736 944 2785; x_wconf 89' lang='lat' dir='ltr'><strong>et</strong></span> <span class='ocrx_word' id='word_1_232' title='bbox 965 2727 1097 2787; x_wconf 88' lang='lat' dir='ltr'><strong>testibus.</strong></span> 
     </span>
     <span class='ocr_line' id='line_1_31' title="bbox 59 2808 1099 2888; baseline -0.001 -20"><span class='ocrx_word' id='word_1_233' title='bbox 59 2828 85 2871; x_wconf 85' lang='lat' dir='ltr'><strong>so</strong></span> <span class='ocrx_word' id='word_1_234' title='bbox 95 2813 209 2875; x_wconf 89' lang='lat' dir='ltr'><strong>Nemini</strong></span> <span class='ocrx_word' id='word_1_235' title='bbox 231 2810 391 2871; x_wconf 87' lang='lat' dir='ltr'><strong>delatorum</strong></span> <span class='ocrx_word' id='word_1_236' title='bbox 412 2808 484 2870; x_wconf 85' lang='lat' dir='ltr'><strong>fides</strong></span> <span class='ocrx_word' id='word_1_237' title='bbox 498 2810 648 2887; x_wconf 89' lang='lat' dir='ltr'><strong>abrogata.</strong></span> <span class='ocrx_word' id='word_1_238' title='bbox 681 2810 771 2870; x_wconf 89' lang='lat' dir='ltr'><strong>Omne</strong></span> <span class='ocrx_word' id='word_1_239' title='bbox 788 2812 895 2870; x_wconf 89' lang='lat' dir='ltr'><strong>crimen</strong></span> <span class='ocrx_word' id='word_1_240' title='bbox 911 2827 965 2888; x_wconf 92' lang='lat' dir='ltr'><strong>pro</strong></span> <span class='ocrx_word' id='word_1_241' title='bbox 983 2809 1099 2888; x_wconf 88' lang='lat' dir='ltr'><strong>capitali</strong></span> 
     </span>
     <span class='ocr_line' id='line_1_32' title="bbox 96 2893 1099 2976; baseline -0.005 -19"><span class='ocrx_word' id='word_1_242' title='bbox 96 2905 261 2976; x_wconf 88' lang='lat' dir='ltr'><strong>receptum,</strong></span> <span class='ocrx_word' id='word_1_243' title='bbox 286 2897 372 2955; x_wconf 90' lang='lat' dir='ltr'><strong>etiam</strong></span> <span class='ocrx_word' id='word_1_244' title='bbox 393 2911 550 2973; x_wconf 92' lang='lat' dir='ltr'><strong>paucorum</strong></span> <span class='ocrx_word' id='word_1_245' title='bbox 570 2896 800 2974; x_wconf 89' lang='lat' dir='ltr'><strong>simpliciumque</strong></span> <span class='ocrx_word' id='word_1_246' title='bbox 819 2894 984 2969; x_wconf 87' lang='lat' dir='ltr'><strong>verborum.</strong></span> <span class='ocrx_word' id='word_1_247' title='bbox 1013 2893 1099 2953; x_wconf 87' lang='lat' dir='ltr'><strong>Obie·</strong></span> 
     </span>
     <span class='ocr_line' id='line_1_33' title="bbox 98 2976 1099 3058; baseline -0.009 -14"><span class='ocrx_word' id='word_1_248' title='bbox 98 2992 173 3044; x_wconf 90' lang='lat' dir='ltr'><strong>etum</strong></span> <span class='ocrx_word' id='word_1_249' title='bbox 196 2989 240 3039; x_wconf 89' lang='lat' dir='ltr'><strong>est</strong></span> <span class='ocrx_word' id='word_1_250' title='bbox 262 2988 385 3057; x_wconf 90' lang='lat' dir='ltr'><strong>poetae,</strong></span> <span class='ocrx_word' id='word_1_251' title='bbox 408 2979 484 3057; x_wconf 91' lang='lat' dir='ltr'><strong>quod</strong></span> <span class='ocrx_word' id='word_1_252' title='bbox 499 2981 528 3038; x_wconf 88' lang='lat' dir='ltr'><strong>in</strong></span> <span class='ocrx_word' id='word_1_253' title='bbox 549 2979 701 3058; x_wconf 82' lang='lat' dir='ltr'><strong>tragoedia</strong></span> <span class='ocrx_word' id='word_1_254' title='bbox 719 2979 965 3056; x_wconf 77' lang='lat' dir='ltr'><strong>Agamemnonem</strong></span> <span class='ocrx_word' id='word_1_255' title='bbox 983 2976 1099 3058; x_wconf 89' lang='lat' dir='ltr'><strong>probris</strong></span> 
     </span>
     <span class='ocr_line' id='line_1_34' title="bbox 96 3062 1100 3143; baseline -0.01 -14"><span class='ocrx_word' id='word_1_256' title='bbox 96 3065 282 3133; x_wconf 90' lang='lat' dir='ltr'><strong>lacessisset;</strong></span> <span class='ocrx_word' id='word_1_257' title='bbox 298 3062 443 3122; x_wconf 89' lang='lat' dir='ltr'><strong>obiectum</strong></span> <span class='ocrx_word' id='word_1_258' title='bbox 461 3072 490 3122; x_wconf 91' lang='lat' dir='ltr'><strong>et</strong></span> <span class='ocrx_word' id='word_1_259' title='bbox 504 3063 662 3140; x_wconf 90' lang='lat' dir='ltr'><strong>historico,</strong></span> <span class='ocrx_word' id='word_1_260' title='bbox 685 3064 762 3143; x_wconf 92' lang='lat' dir='ltr'><strong>quod</strong></span> <span class='ocrx_word' id='word_1_261' title='bbox 776 3063 892 3123; x_wconf 92' lang='lat' dir='ltr'><strong>Brutum</strong></span> <span class='ocrx_word' id='word_1_262' title='bbox 910 3063 1100 3140; x_wconf 88' lang='lat' dir='ltr'><strong>Cassiumque</strong></span> 
     </span>
     <span class='ocr_line' id='line_1_35' title="bbox 96 3146 1099 3217; baseline -0.008 -5"><span class='ocrx_word' id='word_1_263' title='bbox 96 3152 212 3212; x_wconf 91' lang='lat' dir='ltr'><strong>ultimos</strong></span> <span class='ocrx_word' id='word_1_264' title='bbox 227 3149 420 3208; x_wconf 87' lang='lat' dir='ltr'><strong>Romanorum</strong></span> <span class='ocrx_word' id='word_1_265' title='bbox 442 3146 577 3217; x_wconf 84' lang='lat' dir='ltr'><strong>dixisset;</strong></span> <span class='ocrx_word' id='word_1_266' title='bbox 605 3147 833 3208; x_wconf 88' lang='lat' dir='ltr'><strong>animadversum</strong></span> <span class='ocrx_word' id='word_1_267' title='bbox 848 3151 942 3208; x_wconf 89' lang='lat' dir='ltr'><strong>statim</strong></span> <span class='ocrx_word' id='word_1_268' title='bbox 957 3149 985 3206; x_wconf 93' lang='lat' dir='ltr'><strong>in</strong></span> <span class='ocrx_word' id='word_1_269' title='bbox 1001 3154 1099 3207; x_wconf 91' lang='lat' dir='ltr'><strong>aucto·</strong></span> 
     </span>
     <span class='ocr_line' id='line_1_36' title="bbox 61 3231 1100 3312; baseline -0.007 -17"><span class='ocrx_word' id='word_1_270' title='bbox 61 3251 146 3297; x_wconf 73' lang='lat' dir='ltr'><strong>aeras</strong></span> <span class='ocrx_word' id='word_1_271' title='bbox 170 3233 338 3311; x_wconf 90' lang='lat' dir='ltr'><strong>scriptaque</strong></span> <span class='ocrx_word' id='word_1_272' title='bbox 363 3231 495 3309; x_wconf 90' lang='lat' dir='ltr'><strong>abolita,</strong></span> <span class='ocrx_word' id='word_1_273' title='bbox 524 3233 652 3311; x_wconf 90' lang='lat' dir='ltr'><strong>quamvis</strong></span> <span class='ocrx_word' id='word_1_274' title='bbox 678 3232 870 3312; x_wconf 90' lang='lat' dir='ltr'><strong>probarentur</strong></span> <span class='ocrx_word' id='word_1_275' title='bbox 898 3240 963 3292; x_wconf 91' lang='lat' dir='ltr'><strong>ante</strong></span> <span class='ocrx_word' id='word_1_276' title='bbox 988 3231 1100 3310; x_wconf 90' lang='lat' dir='ltr'><strong>aliquot</strong></span> 
     </span>
     <span class='ocr_line' id='line_1_37' title="bbox 97 3316 1094 3395; baseline -0.006 -15"><span class='ocrx_word' id='word_1_277' title='bbox 97 3336 205 3394; x_wconf 91' lang='lat' dir='ltr'><strong>annos,</strong></span> <span class='ocrx_word' id='word_1_278' title='bbox 228 3319 312 3376; x_wconf 90' lang='lat' dir='ltr'><strong>etiam</strong></span> <span class='ocrx_word' id='word_1_279' title='bbox 330 3316 465 3395; x_wconf 82' lang='lat' dir='ltr'><strong>Augusto</strong></span> <span class='ocrx_word' id='word_1_280' title='bbox 487 3316 619 3376; x_wconf 89' lang='lat' dir='ltr'><strong>audiente</strong></span> <span class='ocrx_word' id='word_1_281' title='bbox 640 3317 771 3377; x_wconf 87' lang='lat' dir='ltr'><strong>recitata.</strong></span> <span class='ocrx_word' id='word_1_282' title='bbox 802 3317 977 3391; x_wconf 81' lang='lat' dir='ltr'><strong>Quibusdam</strong></span> <span class='ocrx_word' id='word_1_283' title='bbox 1003 3323 1094 3375; x_wconf 69' lang='lat' dir='ltr'><strong>custo</strong></span> 
     </span>
     <span class='ocr_line' id='line_1_38' title="bbox 98 3399 1100 3480; baseline -0.008 -15"><span class='ocrx_word' id='word_1_284' title='bbox 98 3405 162 3465; x_wconf 92' lang='lat' dir='ltr'><strong>diae</strong></span> <span class='ocrx_word' id='word_1_285' title='bbox 174 3400 285 3462; x_wconf 89' lang='lat' dir='ltr'><strong>traditis</strong></span> <span class='ocrx_word' id='word_1_286' title='bbox 299 3419 357 3462; x_wconf 93' lang='lat' dir='ltr'><strong>non</strong></span> <span class='ocrx_word' id='word_1_287' title='bbox 370 3401 457 3462; x_wconf 90' lang='lat' dir='ltr'><strong>modo</strong></span> <span class='ocrx_word' id='word_1_288' title='bbox 470 3400 602 3462; x_wconf 92' lang='lat' dir='ltr'><strong>studendi</strong></span> <span class='ocrx_word' id='word_1_289' title='bbox 613 3401 745 3462; x_wconf 89' lang='lat' dir='ltr'><strong>solatium</strong></span> <span class='ocrx_word' id='word_1_290' title='bbox 761 3400 933 3480; x_wconf 88' lang='lat' dir='ltr'><strong>ademptum,</strong></span> <span class='ocrx_word' id='word_1_291' title='bbox 949 3399 1000 3459; x_wconf 90' lang='lat' dir='ltr'><strong>sed</strong></span> <span class='ocrx_word' id='word_1_292' title='bbox 1015 3400 1100 3459; x_wconf 83' lang='lat' dir='ltr'><strong>etiarn</strong></span> 
     </span>
     <span class='ocr_line' id='line_1_39' title="bbox 98 3483 1098 3567; baseline -0.009 -15"><span class='ocrx_word' id='word_1_293' title='bbox 98 3487 240 3552; x_wconf 89' lang='lat' dir='ltr'><strong>sermonis</strong></span> <span class='ocrx_word' id='word_1_294' title='bbox 264 3495 293 3547; x_wconf 90' lang='lat' dir='ltr'><strong>et</strong></span> <span class='ocrx_word' id='word_1_295' title='bbox 315 3487 450 3567; x_wconf 91' lang='lat' dir='ltr'><strong>conloqui</strong></span> <span class='ocrx_word' id='word_1_296' title='bbox 474 3505 552 3548; x_wconf 90' lang='lat' dir='ltr'><strong>usus.</strong></span> <span class='ocrx_word' id='word_1_297' title='bbox 585 3485 670 3549; x_wconf 83' lang='lat' dir='ltr'><strong>citati</strong></span> <span class='ocrx_word' id='word_1_298' title='bbox 687 3485 722 3547; x_wconf 91' lang='lat' dir='ltr'><strong>ad</strong></span> <span class='ocrx_word' id='word_1_299' title='bbox 739 3504 853 3547; x_wconf 90' lang='lat' dir='ltr'><strong>causam</strong></span> <span class='ocrx_word' id='word_1_300' title='bbox 870 3483 1017 3546; x_wconf 84' lang='lat' dir='ltr'><strong>dicendam</strong></span> <span class='ocrx_word' id='word_1_301' title='bbox 1034 3485 1098 3532; x_wconf 68' lang='lat' dir='ltr'><strong>eat·</strong></span> 
     </span>
    </p>
   </div>
   <div class='ocr_carea' id='block_1_5' title="bbox 0 0 1176 3870">
    <p class='ocr_par' dir='ltr' id='par_1_7' title="bbox 0 0 1176 3870">
     <span class='ocr_line' id='line_1_40' title="bbox 0 0 1176 3870; baseline 0 0"><span class='ocrx_word' id='word_1_302' title='bbox 0 0 1176 3870; x_wconf 95' lang='lat' dir='ltr'><strong> </strong></span> 
     </span>
    </p>
   </div>
  </div>
 </body>
</html>
