2334 3870
130 211 189 273 180
231 222 423 272 c.snurou1
438 221 565 281 uerno.
583 221 629 268 en
644 221 726 268 mus
744 220 929 271 crassense
947 225 1019 274 ure.
1033 227 1083 276 vn

129 380 305 437 sissimormn
320 384 480 453 temporum
495 383 573 450 sunt,
596 374 663 451 cogi
678 374 707 435 iu
725 393 811 435 numu
823 392 938 454 ausum,
956 379 1132 457 quibusdam

130 463 215 522 etiam
230 461 355 536 iteratis,
376 460 475 534 iussit,
490 468 519 519 et
537 456 687 537 Olympiae
704 475 822 538 quoque
838 468 950 538 praeter
970 475 1131 526 consuetu·

129 546 223 607 dinem
249 545 386 605 musicum
412 559 506 620 agona
537 543 687 603 commisit.
730 542 778 603 Ac
806 561 846 604 ue
865 543 933 622 quid-
949 545 1030 608 eirca
1048 547 1130 609 baec

130 638 301 708 occupatum
316 635 453 688 avocaret
468 626 658 701 detineretre,
678 643 741 685 cum
755 629 922 705 praesentis
935 629 993 689 cius
1003 630 1126 692 urbicas

129 732 179 773 res
193 731 284 791 egere
300 730 316 772 a
331 711 436 771 liberto
451 710 536 771 Helio
550 710 766 786 admoueretur,
784 712 939 791 rescripsit
948 710 993 773 his
1005 712 1103 774 serbis
1113 733 1145 774 :⁵

193 794 342 869 Quamvis
363 813 446 857 nunc
469 802 551 856 tunm
572 794 731 856 eonsilium
751 795 794 855 sit
815 801 846 856 et
864 801 968 857 ecittm
987 796 1125 859 celeriter

129 879 245 943 reverti
257 897 315 954 me,
334 886 435 939 temen
448 879 582 940 suadere
599 885 627 937 et
642 886 753 958 optare
767 878 875 956 potins
890 877 1002 958 debes,
1019 886 1055 942 stt
1067 878 1128 942 Ne·

129 981 206 1026 roec
222 962 333 1043 clipeus
350 970 501 1024 revertor.

194 1045 334 1108 Cantante
353 1064 401 1123 eo,
419 1065 456 1106 ne
470 1048 637 1106 necessaria
653 1046 767 1124 quidem
783 1064 871 1107 causa
888 1047 1037 1109 excedere
1053 1048 1131 1111 thea-

131 1141 176 1192 tro
191 1131 297 1190 licitum
314 1139 367 1189 est.
410 1129 511 1208 ltaque
528 1137 558 1188 et
576 1130 679 1189 enixae
695 1129 834 1209 quaedam
850 1131 880 1189 in
896 1131 1076 1210 spectaculis
1092 1133 1131 1193 di·
1141 1149 1164 1192 n

131 1222 241 1288 cuntur,
260 1212 383 1272 etmulti
400 1213 496 1272 taedio
513 1212 644 1273 audiendi
659 1213 861 1294 laudandique,
878 1213 985 1276 eleusis
1007 1217 1132 1295 oppido-

128 1315 191 1356 rum
207 1297 309 1375 portis,
326 1305 373 1355 aut
387 1296 482 1356 furtim
497 1296 650 1357 desiluisse
667 1297 703 1356 de
717 1315 797 1357 muro
815 1306 862 1358 aut
882 1306 977 1359 morte
999 1300 1133 1360 simulata

129 1381 232 1441 iuuere
244 1379 321 1440 elati.
351 1381 442 1455 Quam
455 1390 548 1441 autem
560 1381 673 1460 trepide
686 1382 830 1459 anxieque
841 1384 1009 1460 certaverit,
1027 1391 1132 1461 quauta

132 1464 361 1526 adversariorum
377 1465 578 1542 aemulatione,
596 1483 653 1545 quo
668 1473 744 1524 metu
757 1465 890 1542 iudicium,
903 1468 953 1525 vix
968 1464 1051 1527 credi
1068 1476 1130 1546 pot

132 1558 186 1609 est.
230 1547 441 1626 Adversarios,
463 1552 544 1628 quasi
557 1549 644 1628 plane
667 1548 840 1610 conditionis
861 1547 1006 1628 eiusdem,
1029 1550 1160 1610 obser-rr

132 1650 213 1709 rare,
238 1642 370 1711 captare,
393 1633 529 1693 infamare
551 1642 684 1709 secreto,
714 1649 924 1712 nonnumquam
943 1651 982 1695 ex
1005 1651 1130 1694 occursu

132 1715 292 1776 maledictis
308 1717 468 1792 incessere,
495 1719 574 1776 acsi
596 1718 727 1794 quiante
750 1716 975 1796 praecellerent,
999 1734 1129 1778 conrum-

133 1818 204 1879 pere
223 1801 307 1858 etiam
321 1798 443 1858 solebat.
487 1799 601 1858 ludices
616 1809 710 1860 autem
726 1803 804 1879 prius
819 1818 903 1879 quam
918 1801 1066 1880 inciperet
1085 1819 1129 1861 re

132 1884 331 1942 verentissime
348 1880 568 1959 adloquebatur,
586 1883 739 1943 omniane
750 1883 900 1962 faciende
918 1883 1051 1962 fecisse,
1076 1883 1130 1945 sed

132 1969 268 2025 cocetum
281 1964 314 2024 irs
326 1981 420 2024 manu
434 1983 503 2026 esse
517 1963 695 2038 Fortunae,-
715 1967 786 2028 illos
800 1974 835 2028 ut
847 1968 1000 2047 sepientis
1021 1975 1050 2030 ei
1073 1968 1152 2030 deo

133 2054 199 2110 ctos
210 2046 297 2107 ciros
309 2047 443 2126 fortuitu
453 2048 565 2110 debere
575 2050 740 2111 occludere
747 2075 761 2121 ;
777 2061 873 2131 atque,
891 2060 921 2112 ut
933 2051 1054 2113 auderet
1064 2051 1128 2112 bor·

133 2131 273 2209 tentibus,
298 2134 434 2211 aequiore
456 2137 548 2194 auimo
571 2133 739 2212 recedebat,
760 2153 794 2195 ao
815 2154 852 2196 ne
872 2138 914 2196 sic
936 2135 1053 2215 quidem
1069 2137 1130 2197 siue

135 2215 339 2293 sollicitudine,
357 2219 578 2280 taciturnitatem
593 2218 789 2299 pudoremque
807 2219 983 2299 quorundam
1006 2237 1062 2299 pro
1083 2220 1129 2281 tri

92 2303 211 2370 existitis
232 2309 261 2361 et
281 2301 457 2379 malignitate
478 2321 603 2381 arguens
627 2312 840 2382 suspectosque
862 2303 918 2364 sibi
943 2303 1054 2365 dicens.
1098 2301 1130 2363 lu

136 2384 274 2448 certando
281 2403 353 2446 vero
361 2386 467 2464 italegi
481 2386 664 2464 oboediebat,
673 2395 704 2445 ut
716 2405 867 2466 numquam
879 2405 1021 2449 excreare
1033 2401 1158 2462 ausus,2s

136 2469 270 2530 sudorem
285 2488 399 2550 quoque
414 2470 517 2530 frontis
540 2469 660 2531 brachio
683 2469 865 2548 detergeret;
887 2480 973 2551 atque
993 2472 1082 2532 etiam
1103 2471 1131 2530 in

134 2555 247 2628 tragico
260 2553 383 2630 quodam
396 2563 471 2631 actu,
485 2573 547 2614 oum
561 2554 689 2633 elapsum
701 2553 834 2614 baculum
846 2557 902 2616 cito
914 2556 1130 2634 resumpsisset,

136 2633 257 2712 pavidus
273 2645 302 2695 et
315 2645 445 2696 metuens
459 2656 496 2697 ne
514 2637 551 2698 ob
569 2637 702 2698 delictum
719 2639 874 2699 certamine
890 2649 1131 2713 summoveretur,

134 2733 192 2775 non
203 2716 287 2775 aliter
300 2721 481 2780 confirmatus
493 2730 538 2781 est
550 2739 633 2802 quam
642 2720 791 2782 adiurante
800 2722 962 2802 hypocrita,
973 2740 1033 2784 non
1044 2725 1131 2785 enim·

136 2798 288 2860 adversum
312 2802 341 2863 id
368 2803 443 2862 inter
472 2805 665 2865 exultationes
692 2805 991 2886 succlamationesque
1019 2805 1161 2887 populitt

135 2885 286 2946 Victorem
304 2895 398 2946 autem
416 2905 449 2947 se
464 2889 528 2967 ipse
544 2888 758 2968 pronuntiabat;
776 2908 832 2969 que
847 2890 883 2950 de
899 2908 986 2952 causa
1000 2900 1031 2951 et
1047 2908 1133 2970 prae·

138 2968 222 3030 conio
236 2966 342 3047 ubique
359 2972 514 3032 contendit.
558 2973 603 3033 Ao
625 2991 661 3033 ne
684 2973 764 3034 cuius
786 2974 903 3035 alterius
921 2975 1135 3036 hieronicarum

137 3051 274 3113 memoria
295 3062 343 3112 aut
365 3057 520 3135 vestigium
547 3066 660 3119 extaret
687 3076 820 3137 usquam,
848 3058 976 3121 subverti
1002 3067 1032 3118 et
1057 3073 1134 3119 unco

137 3135 210 3197 trabi
226 3134 357 3215 abicique
373 3140 402 3197 iu
420 3139 537 3201 latrinas
556 3144 680 3202 omnium
699 3150 807 3203 statues
831 3152 860 3202 et
883 3144 1023 3221 imagines
1044 3145 1135 3222 impe·

138 3221 221 3279 revit.
265 3219 417 3299 Aurigavit
437 3242 552 3303 quoque
574 3226 764 3305 plurifariam,
792 3225 933 3307 Olympiis
952 3243 1025 3286 vero
1049 3227 1164 3287 suana

139 3303 346 3383 decemiugem,
367 3309 496 3385 quamvis
517 3307 546 3367 id
569 3311 661 3389 ipsum
682 3310 710 3368 in
730 3327 802 3387 rege
815 3310 986 3372 Mithradate
1006 3311 1136 3373 carmine

139 3386 262 3465 quodam
283 3408 335 3451 suo
357 3390 607 3470 reprehendisset;
632 3392 684 3453 sed
705 3411 845 3453 excussus
866 3413 951 3456 curru
973 3413 1008 3456 sc
1034 3410 1136 3457 rursus

138 3472 293 3550 repositus,
311 3493 374 3535 pum
392 3475 542 3540 pardis-arc
574 3493 612 3528 sm
648 3495 700 3536 unqu
720 3485 747 3524 st,
766 3475 953 3536 destituente
964 3476 1135 3550 dommim}
