2286 3862
140 201 242 249 xxxll
477 195 684 244 PRAEFATIO.

143 358 284 432 magistris
298 356 419 414 correcti
445 362 516 412 sunt.
560 355 703 419 Interdum¹
723 370 783 409 cum
812 355 956 426 secundo,
977 373 1049 414 non.

143 460 287 515 numquam
303 458 363 498 cum
383 441 467 496 terlio
484 441 618 497 librorum
634 453 740 509 genera
754 438 793 494 ita
810 438 1048 510 consentiunt‚,ut

145 543 181 583 ex
195 532 314 599 utroque
334 524 445 582 conflati
462 540 526 580 ossa
544 524 671 578 debeant.
716 522 809 577 Verba
829 524 940 578 iactauit
959 540 986 595 p.
1002 530 1045 595 68,

143 617 192 675 27;
215 609 303 682 defluit
316 611 400 664 stanti
412 625 438 680 p.
455 613 516 677 163,
533 613 583 670 283
598 605 727 662 omissum
744 605 832 662 Catuli
843 622 871 677 p.
887 611 953 677 199,
968 612 1004 664 22
1020 614 1048 663 ct

143 694 333 766 improvinciae
348 709 375 764 p.
385 697 446 762 245,
461 698 493 754 9:
511 689 630 746 additum
647 694 744 761 pam,
758 697 774 748 5
789 695 883 744 natam
896 691 1046 748 secundum

145 794 234 849 genus
251 777 385 849 produnt3
408 775 511 831 omissa
527 790 552 846 p.
572 779 672 843 11,21
688 772 863 844 perfecitque
882 777 1047 846 utrumque,-

145 879 172 933 p.
189 867 240 930 20,
262 866 293 918 21
313 860 454 932 dilapeuter
474 873 509 913 ac
528 857 691 916 roderetur:
712 874 738 928 p
762 863 812 927 18,
832 863 850 918 8
872 857 1049 921 delictoruma

144 961 171 1016 p.
191 945 405 1013 6t,15aotere,·
424 960 451 1015 p.
470 948 532 1006 lot.
554 947 589 1000 30
602 940 769 996 Archelaum
787 940 980 1012 Cappadocem
997 958 1048 998 cx-

145 1027 234 1099 empla
249 1027 305 1083 sint
320 1044 379 1083 cum
396 1026 480 1082 tertio
496 1041 601 1094 genere
617 1023 768 1081 alflnitatis.

206 1110 352 1181 Postquam
368 1109 556 1180 exemplorum
573 1113 600 1162 et
616 1108 741 1163 turmulis
757 1114 785 1163 et
800 1109 906 1165 calamo
925 1108 1047 1181 scripto-

51 1192 53 1200 ’
118 1189 123 1200 ’
144 1211 202 1250 ιιιιιι
217 1195 382 1249 montionem
398 1193 515 1248 fecimus
533 1207 587 1247 non
603 1190 715 1245 nimium
729 1192 836 1262 levem,
856 1192 955 1265 paucis
972 1209 1048 1249 com-

144 1277 320 1332 memoranda
337 1283 400 1332 sunt
411 1276 588 1346 Excerpta
606 1275 739 1345 quaedam
751 1291 766 1329 1
779 1274 945 1332 Caesaribus
958 1276 1047 1343 tactu

144 1361 273 1417 videntur
294 1359 365 1415 enim
381 1360 426 1416 vel
448 1361 518 1415 haec
539 1358 573 1413 ad
598 1357 715 1413 criticen
736 1359 913 1416 factitandum
933 1359 1046 1431 aliquod

144 1450 307 1500 momentum
324 1432 453 1500 conferre
474 1459 574 1515 posse,
595 1448 727 1512 tantoque
747 1442 834 1498 maius
856 1449 958 1513 quanto
977 1444 1052 1499 anti-·

143 1529 242 1600 quiana
271 1535 342 1585 sunt.
387 1528 454 1583 Eius
485 1527 571 1597 igitur
596 1525 710 1596 generis
741 1526 792 1582 tria
818 1526 945 1598 exempla
971 1527 1047 1597 novi,

142 1612 288 1685 Lipsiensa
312 1629 326 1667 a
346 1612 449 1669 Theod.
469 1609 580 1665 Moabio
600 1610 627 1664 in
644 1608 851 1665 Schneidewini
872 1609 1047 1680 Philologol

144 1714 170 1768 p.
187 1702 238 1754 686
260 1711 321 1766 sqq.
340 1693 524 1764 descriptum,
544 1691 668 1747 Parisina
688 1693 742 1747 duo
764 1710 778 1748 a
802 1710 844 1748 nne
867 1712 892 1750 a.
912 1699 980 1752 1855
1006 1695 1047 1749 in-

144 1784 250 1849 specta.
295 1769 330 1830 m
357 1775 509 1847 Lipsiensis
541 1773 650 1845 quidem
674 1776 780 1846 codex,
811 1776 969 1834 senatorius
998 1778 1068 1853 illa

144 1861 210 1932 Rep.
232 1861 253 1914 1.
282 1865 309 1917 4.
335 1865 370 1920 te
393 1860 506 1915 saeculo
529 1858 593 1914 xlv
614 1858 735 1930 scriptus
764 1867 792 1915 et
820 1860 901 1916 initio
924 1862 1047 1932 mutilus,

144 1943 239 2001 eadem
263 1943 401 2014 Excerpta
432 1942 571 2012 continet,
602 1958 673 2013 quae
698 1942 725 1996 in
746 1943 933 2000 Parisinorum
957 1947 1046 2002 altero

143 2043 189 2084 no.
205 2033 275 2087 8818
291 2043 365 2082 saec.
381 2027 428 2082 xl.
446 2026 555 2097 integra
578 2032 605 2081 et
620 2026 763 2083 emendate
780 2027 885 2100 scripta
899 2029 1043 2102 reperiun-

143 2115 196 2164 tur.
241 2109 350 2165 Initium
371 2113 425 2167 hoc
448 2115 503 2166 est:
522 2111 572 2165 Ea·
591 2109 682 2164 Libris
703 2109 826 2166 Suetonii
840 2111 995 2184 Tranquilli
1015 2113 1047 2168 de
1082 2126 1085 2137 ·

144 2195 197 2248 uita
212 2194 370 2251 Caesarum.
400 2194 489 2250 Iulius
505 2194 610 2250 Caesar
623 2199 733 2264 quealor
749 2195 841 2250 adhuc
853 2196 939 2268 quales
951 2196 1041 2269 hispo·
1079 2209 1082 2220 ·

142 2280 253 2334 niarium
274 2294 337 2334 cum
363 2281 478 2334 uenisset
496 2281 553 2335 uiso
576 2278 654 2347 apud
678 2277 798 2334 herculis
820 2285 873 2335 etc.
897 2298 925 2352 p.
945 2288 980 2350 5,
1002 2286 1044 2338 20.
1088 2315 1090 2342 ι

143 2362 300 2435 Sequuntur
325 2381 361 2419 ex
381 2364 499 2420 omnium
525 2362 673 2418 Caesarum
694 2361 777 2432 vitis,
804 2369 917 2436 praeter
939 2361 1045 2420 Claudii
1071 2376 1090 2432 ,1

142 2561 227 2602 mento
242 2552 347 2603 11816
362 2553 526 2618 Friburgensi
541 2553 706 2605 bibliothecae
721 2554 823 2622 legavit.
855 2556 919 2606 Eum
935 2557 1045 2608 codicem

143 2621 315 2671 Theodori
335 2621 443 2685 Bergk
467 2622 635 2672 benivolentia
660 2624 692 2674 ad
719 2638 760 2674 me
777 2624 882 2677 missum
903 2626 1045 2676 examinavi
1075 2648 1090 2695 ,ι

144 2697 168 2739 11
196 2689 300 2753 reliquis
326 2689 366 2738 sui
398 2691 499 2755 generis
531 2692 607 2756 paulo
637 2692 767 2744 meliorem
797 2708 854 2745 esse
881 2693 1044 2760 deprehendi.
1087 2731 1090 2756 p

144 2757 258 2823 Scriptus
277 2764 316 2808 est
336 2756 478 2808 charactere
496 2760 626 2823 Romano,
651 2761 692 2825 qui
715 2762 845 2828 imperitos
868 2761 942 2814 tacite
966 2763 1045 2823 sallat,
1077 2797 1090 2832 p

143 2841 209 2878 saec.
227 2826 284 2875 XV.
310 2852 346 2865 -·
370 2827 503 2878 contianus
522 2829 601 2879 codex
622 2844 674 2879 uno
698 2828 759 2880 lolio
775 2831 922 2893 mutilatus,
946 2831 972 2883 in
997 2846 1045 2896 quo
1077 2867 1090 2914 p

143 2896 251 2960 scriptae
271 2903 342 2945 erant
355 2912 382 2961 p.
398 2895 462 2956 ⁴239,
477 2897 510 2946 29
526 2925 560 2933 -
576 2900 640 2958 242,
658 2899 689 2960 8,
704 2908 813 2950 ceterum
829 2900 934 2964 picturis
950 2902 1047 2951 numis·
1078 2900 1090 2967 J

142 2963 268 3026 metisque
290 2964 420 3030 eleganter
443 2973 545 3016 ornatus
565 2967 624 3030 quin
647 2967 705 3016 item
727 2983 792 3020 saec.
816 2968 864 3018 XV
880 2969 990 3036 scriptus
1014 2969 1047 3020 sit

143 3032 195 3082 noli
211 3031 334 3085 dubitare.
367 3033 440 3083 Tales
456 3035 549 3085 multos
562 3035 667 3085 Parisiis
680 3036 741 3086 vidi.
773 3039 863 3088 Fuerat
879 3037 969 3102 Lyseri
985 3051 1047 3089 con·

142 3100 248 3164 tulitque
264 3103 296 3150 ad
311 3103 454 3166 exemplum
468 3102 614 3154 Genevense
630 3105 730 3156 alell
747 3104 852 3157 Gottlieb
863 3106 958 3169 Kortte,
974 3107 1045 3157 caius
1066 3162 1071 3171 ,

142 3168 229 3220 labore
245 3175 270 3219 et
286 3169 386 3220 Ernesti
407 3179 431 3220 et
447 3170 639 3240 Oudendorpius
659 3173 700 3224 usi
724 3182 790 3225 sunt.
827 3175 881 3235 Quo
898 3175 998 3227 delatus
1014 3175 1046 3227 sit
1066 3184 1073 3227 ξ

143 3245 167 3289 11
181 3239 263 3289 codex
278 3246 303 3288 et
318 3239 434 3300 collatio,
449 3241 548 3306 ignoro.
565 3270 598 3279 -
613 3242 836 3295 vindobonensem
852 3247 883 3306 2,
901 3252 928 3294 ut
945 3244 1045 3296 Ouden-

142 3307 248 3372 dorpius
260 3308 405 3373 appellavit,
420 3309 470 3360 184
480 3318 508 3360 ut
522 3311 703 3363 bibliothecarii
713 3313 891 3375 distinxerunt,
904 3327 971 3365 saec.
983 3311 1044 3363 xvi

142 3376 245 3426 ineunte
260 3377 389 3443 scriptum,
407 3379 510 3429 contulit
523 3379 692 3448 Oudendorptt
709 3382 791 3447 gratia
806 3397 855 3433 van
872 3380 982 3433 Swieten
998 3395 1047 3433 ιιο·

142 3443 281 3496 bilissimas
297 3446 411 3496 medicus
428 3446 460 3497 ed
474 3451 618 3519 exemplum
632 3450 826 3501 luntherianum
843 3468 867 3507 a.
886 3450 963 3501 1722.
