2286 3862
242 582 338 681 DE
380 580 889 679 RHETORIBUS.

30 970 46 1022 1
124 953 281 1015 Rhetorica
294 970 410 1032 quoque
420 951 496 1032 apud
506 969 560 1012 nos
572 950 694 1031 perinde
705 959 793 1031 atque
803 952 1005 1029 grammatica
1018 944 1080 1013 ¹iero

60 1047 180 1119 recepta
196 1046 256 1114 est,
272 1034 359 1115 paulo
371 1038 457 1094 etiarn
469 1033 633 1111 difficilius,
648 1037 853 1116 quippequam
870 1042 998 1098 constet
1011 1054 1080 1098 non·

60 1138 202 1201 nunquam
214 1122 299 1179 etiam
315 1116 488 1197 prohibitam
503 1121 647 1179 exerceri.
679 1117 764 1196 Quod
775 1136 814 1179 ne
830 1120 879 1181 oui
893 1118 1021 1181 dubium
1035 1122 1076 1199 sit,

61 1214 145 1265 vetus
167 1205 196 1263 S.
215 1200 248 1263 0.
272 1204 340 1262 item
365 1204 528 1263 censorium
553 1203 679 1265 edictum
698 1203 863 1265 subiiciam:
896 1201 932 1265 0.
955 1202 1098 1267 namus

61 1286 216 1351 Strabone
227 1285 268 1348 Μ.
285 1282 410 1348 Valerio
422 1284 564 1348 Messala
579 1307 663 1350 cons.
683 1286 725 1350 hi.
739 1286 932 1369 Pomponius
942 1296 1080 1369 praetor

63 1378 203 1435 senatum
214 1370 375 1433 consuluit.
393 1366 485 1445 Quod
495 1368 594 1433 verbo
602 1373 694 1452 fucta
705 1378 777 1434 sunt
787 1368 1043 1453 dephitosophis
1054 1378 1081 1434 et

62 1453 250 1533 rhetoribus‚'
260 1454 344 1517 deca
352 1456 439 1517 reita
447 1464 639 1535 censuerunt,
651 1455 733 1520 ortt.
741 1454 816 1519 Pom
839 1456 934 1519 onnus
944 1464 1080 1537 pronior

64 1541 323 1602 animaduerteret
335 1552 536 1622 cerneretque,
558 1548 593 1603 ut
602 1542 631 1602 si
646 1542 703 1604 eie
716 1558 795 1621 rep.
808 1474 941 1621 fideque
955 1556 1023 1604 seso
1034 1541 1077 1602 oi·

65 1624 199 1702 duntur,
215 1625 261 1686 uti
270 1624 438 1687 Romaene
449 1633 559 1688 essem.
573 1624 629 1686 me
644 1626 754 1687 eisdem
768 1626 923 1686 interiecto
940 1634 1106 1709 temporeo

66 1707 126 1769 GN.
141 1708 284 1771 Domitius
300 1709 510 1789 Aenoherhus,
535 1709 566 1770 L.
583 1709 709 1772 Licinius
724 1704 849 1771 Crassus
871 1726 1023 1773 mersores
1040 1712 1078 1773 tu

66 1793 232 1854 edixerunt:
249 1792 467 1856 Renuntiatum
479 1801 527 1855 est
539 1793 642 1872 nohis,
658 1813 727 1857 esse
741 1792 879 1857 homines
894 1792 954 1873 qui
963 1810 1077 1857 nouam

64 1894 162 1957 penus
173 1875 359 1955 disciptinae
377 1878 589 1956 instituerunt,
609 1878 654 1939 od
667 1896 745 1960 quos
766 1878 908 1940 iuventus
920 1876 959 1939 tn
971 1878 1079 1942 tortor·

66 1959 249 2032 concremat,-
282 1978 336 2022 eos
361 1961 424 2023 sibi
448 1981 559 2026 nomen
590 1962 776 2044 imposuisse
805 1958 941 2023 Latinos
970 1962 1078 2027 rtru-

64 2060 144 2115 ros,·
159 2043 206 2106 ihi
217 2043 353 2108 homines
372 2046 620 2110 adolescentulos
638 2048 706 2110 dies
725 2053 807 2110 totos
823 2044 984 2109 mutuo.
1008 2044 1105 2110 ura-u

65 2129 150 2190 iores
169 2129 282 2207 nostri,
305 2147 385 2209 poue
403 2130 519 2194 liberos
540 2150 616 2193 suos
638 2133 758 2194 discere
780 2137 809 2193 et
829 2148 907 2210 qnos
926 2130 965 2193 in
988 2131 1079 2195 ludos

65 2214 147 2274 iture
159 2214 286 2291 velient,
302 2215 506 2277 instituerunt.
542 2214 630 2277 Huee
644 2234 744 2293 nouo,
762 2232 842 2295 quoe
854 2220 990 2292 praeter
1005 2234 1076 2279 con·

66 2298 257 2359 suetudinem
272 2316 312 2360 oc
325 2317 440 2360 morem
454 2300 606 2362 maiorum
618 2301 711 2379 fiunt,
728 2317 825 2379 neque
834 2298 968 2377 piocent
982 2316 1079 2381 neque

65 2389 153 2444 recto
166 2382 317 2443 videntur.
358 2381 558 2463 Quapropter
580 2390 608 2444 et
624 2385 664 2445 iis
684 2385 811 2463 puteos
836 2381 928 2444 indos
946 2382 1077 2458 hahent,

66 2472 96 2527 ct
123 2467 164 2527 iis
184 2467 237 2545 pui
262 2484 297 2528 eo
318 2468 425 2528 venire
454 2475 654 2545 consuerunt,
684 2467 806 2528 videtur
829 2465 1021 2545 faciundum
1044 2471 1105 2529 utu

67 2550 296 2611 ostenderemus
306 2558 448 2613 nostrum
465 2553 660 2628 sententium,
676 2551 768 2613 uobis
780 2568 843 2613 non
853 2550 998 2629 plaeere.

127 2632 266 2695 Paulatim
281 2637 385 2716 etipsa
400 2637 477 2696 utilis
492 2637 672 2716 honestaque
685 2637 835 2716 apparuit,
852 2633 997 2714 multique
1014 2652 1079 2696 eam

67 2725 96 2776 et
112 2717 250 2794 praesidii
267 2737 354 2780 causa
371 2729 400 2780 et
417 2719 530 2797 gloriae
547 2723 758 2798 appetiverunt.
789 2717 894 2779 Cicero
907 2716 945 2779 ad
960 2727 1078 2799 praetu-

64 2818 239 2879 ramusque
262 2807 347 2864 etium
373 2803 484 2866 Graece
511 2804 721 2880 declamitant,
747 2801 847 2864 Latine
875 2818 950 2862 vero
977 2802 1079 2864 senior

67 2902 182 2963 quoque
203 2886 361 2963 etquidem
380 2907 443 2949 oum
467 2888 633 2949 consulibus
648 2888 740 2949 Hirtio
762 2895 791 2946 ct
806 2886 913 2963 Pansa,
938 2903 1016 2965 quos
1029 2885 1108 2947 aii-n

66 2968 206 3045 scipulos
221 2975 251 3030 et
264 2972 397 3049 pronois
411 2979 628 3050 praetentatos
654 2970 788 3033 vocabat.
821 2968 881 3031 CN.
904 2969 1079 3051 Pompeium

68 3052 182 3130 quidam
199 3052 330 3114 historici
345 3055 522 3118 tradiderunt
535 3057 588 3117 sub
602 3058 696 3136 ipsum
714 3054 800 3116 civile
815 3053 936 3131 bellum,
957 3071 1018 3133 quo
1036 3053 1078 3116 fa·

69 3134 151 3195 cilius
170 3134 202 3196 G.
223 3137 340 3200 Curioni
355 3143 571 3219 promptissimo
596 3142 709 3217 iuveni,
735 3156 850 3199 causam
867 3135 1008 3198 Caesaris
1028 3136 1078 3198 de·

67 3219 211 3300 tendenti,
232 3221 459 3301 contradiceret,
471 3228 616 3304 repetisse
628 3221 805 3285 declamandi
820 3221 1079 3294 consuetudinem:

68 3301 106 3360 Μ.
123 3302 293 3384 Antonium,
307 3309 376 3368 item
389 3307 551 3386 Augustum
565 3327 602 3369 ne
613 3309 767 3369 Mutinensi
780 3305 895 3387 quidem
906 3305 990 3367 hello
1006 3309 1078 3369 omi·
1088 3318 1112 3362 so

69 3386 154 3448 sisse.
182 3391 262 3453 Nero
280 3390 389 3453 caesar
406 3393 497 3470 primo
517 3394 630 3472 imperii
646 3409 736 3468 enno,
761 3390 880 3471 publice
894 3407 1016 3471 quoque
1032 3390 1081 3452 his
