2334 3870
108 188 166 250 148
211 198 240 245 c.
253 195 403 245 sunroru
419 193 546 253 roano.
560 192 607 239 on
623 191 707 239 vrra
723 191 908 243 cancroma
922 194 995 244 ero.
1010 198 1045 247 v.

104 357 151 435 pia
171 354 302 414 decrerit
324 358 353 409 et
376 349 535 410 Germanici
561 366 725 426 cognomen
747 348 804 427 ipsi
827 351 1012 430 posterisque
1038 355 1114 416 eius.

103 439 207 500 Fuisse
224 447 317 497 autem
334 433 459 494 creditur
474 451 530 493 non
545 435 637 492 minus
653 431 778 509 gloriosi
795 451 876 512 quam
893 433 987 495 civilis
1004 439 1111 509 animi;

103 542 168 584 nam
183 541 220 582 ex
235 522 320 582 hoste
335 536 423 597 super
447 519 584 577 victorias
605 519 699 595 opima
721 534 840 595 quoque
854 518 945 598 spolia
964 529 1110 599 captasse

104 624 272 686 summoque
293 605 410 681 saepius
431 602 595 662 discrimine
617 601 706 661 duces
730 599 935 663 Germanorum
955 611 1014 664 tota
1036 607 1105 665 acie

104 693 275 759 insectatus;
309 705 365 746 nec
391 685 588 747 dissimulasse
613 704 744 764 umquam
776 685 926 766 pristinum
949 704 980 747 se
1004 690 1046 748 rei
1071 707 1126 769 p.⁵

104 784 222 850 statum,
254 771 426 850 quandoque
458 780 575 850 posset,
607 772 813 831 restituturum.
859 771 944 834 Unde
973 773 1103 833 existimo

103 857 257 918 nonnullos
276 854 393 916 tradere
414 874 519 932 ausos,
550 864 716 935 suspectum
744 872 808 914 eum
832 854 968 934 Angusto
989 872 1109 917 rovoca-

102 952 218 1020 tumque
241 960 278 1000 ex
300 941 450 1018 provincia
479 949 507 999 et
530 941 596 1019 quia
619 947 818 1016 cunctaretur,
845 941 1039 1019 interceptum
1063 959 1112 1000 re·

102 1043 188 1086 neno.
240 1025 323 1101 Quod
357 1024 488 1102 equidem
519 1024 612 1100 magis
642 1042 678 1082 ne
709 1025 973 1102 praetermitterem
1001 1024 1112 1101 rettuli,

104 1127 188 1189 quam
215 1111 281 1188 quia
314 1126 413 1167 verum
441 1115 488 1167 aut
514 1109 576 1166 veri
608 1107 701 1166 simile
729 1116 843 1186 putem,
870 1126 934 1168 cum
960 1106 1146 1187 Augustuso

102 1202 181 1253 tanto
199 1210 290 1270 opere
313 1201 341 1251 et
363 1192 457 1250 virum
473 1190 621 1268 dilexerit,
652 1199 682 1250 nt
704 1190 880 1252 coheredem
900 1210 1019 1272 semper
1044 1193 1113 1254 liliis

101 1277 269 1351 instituerit,
300 1276 374 1334 sicut
396 1273 538 1353 quondam
561 1277 589 1334 in
612 1284 714 1334 senatu
736 1275 890 1356 professus
913 1285 975 1354 est,
1006 1285 1037 1336 et
1063 1277 1113 1336 de-

101 1360 228 1420 functum
249 1361 287 1419 ita
309 1377 362 1438 pro
385 1359 527 1419 concione
549 1359 726 1437 laudaverit,
759 1369 789 1419 ut
810 1361 882 1420 deos
900 1369 1041 1441 precatus
1066 1364 1113 1438 sit,

101 1443 217 1505 similes
233 1444 262 1505 ei
278 1443 536 1506 decoemarum
550 1443 708 1522 fecerent,
731 1442 853 1523 sibique
866 1450 930 1505 tom
949 1444 1113 1506 berceolum

102 1528 286 1609 quandoque
308 1531 422 1591 ecitrcm
438 1527 551 1589 dorent
566 1547 658 1608 quom
674 1528 721 1589 illi
739 1527 905 1590 deciment.
950 1527 1016 1588 Nec
1043 1547 1111 1589 con·
1122 1550 1143 1590 rs

101 1620 196 1673 tentus
227 1614 354 1691 elogium
383 1613 490 1673 tumulo
518 1615 580 1674 eius
608 1613 741 1673 versibus
768 1631 784 1673 a
811 1632 843 1673 se
870 1613 1045 1693 compositis
1072 1615 1111 1672 in-

102 1697 281 1774 sculpsisse,
308 1700 392 1758 etiam
409 1699 484 1757 vitae
500 1699 665 1758 memoriam
682 1714 770 1776 prosa
786 1697 918 1757 oratione
934 1699 1111 1776 composuit.

161 1781 207 1840 Ex
223 1780 348 1840 Antonia
366 1781 475 1839 minore
499 1780 664 1858 complures
687 1781 801 1860 quidem
819 1779 930 1841 liberos
950 1780 1032 1858 tulit,
1062 1800 1111 1840 ve-

100 1883 162 1923 rum
182 1873 241 1922 tres
264 1865 377 1922 omnino
396 1863 529 1940 reliquit:
553 1863 764 1942 Germanicum,
789 1864 930 1943 bivillam,
947 1863 1110 1926 Claudium.

67 1956 84 2009 2
165 1945 300 2006 Claudius
316 1956 398 2005 natus
415 1956 458 2006 est
472 1946 546 2007 Iulio
564 1947 710 2026 Antonio,
741 1948 834 2010 Fabio
849 1947 991 2010 Africano
1009 1967 1107 2010 conss.
1118 1969 1141 2010 aa

99 2029 145 2092 lil.
167 2029 243 2106 Aug.
261 2029 424 2107 buguduni,
460 2049 496 2091 eo
516 2032 581 2110 ipso
610 2032 656 2092 die
682 2050 740 2111 quo
769 2034 890 2112 primum
911 2051 962 2094 arn
987 2031 1030 2092 ibi
1052 2031 1109 2093 Au·

100 2122 185 2191 gusto
203 2113 336 2174 dedicata
360 2124 420 2192 est,
444 2116 667 2196 appellatusque
684 2117 818 2178 Tiberius
834 2116 973 2178 Claudius
986 2116 1109 2178 Drusus.

98 2197 168 2259 lllox
188 2199 277 2258 iratre
297 2201 407 2260 maiore
428 2200 456 2259 in
474 2200 575 2261 Iuliam
600 2202 736 2262 familiam
761 2200 915 2282 adoptato,
944 2199 1110 2262 Germanici

100 2301 265 2360 cognomen
280 2287 442 2364 assumpsit.
487 2283 584 2346 Infans
600 2295 694 2346 antem
709 2285 828 2345 relictus
845 2304 862 2345 a
877 2294 978 2365 patre,
1004 2303 1043 2346 ac
1056 2303 1111 2365 per

100 2385 184 2427 omne
202 2369 265 2428 lere
282 2372 423 2447 pueritiae
440 2379 526 2448 atque
543 2369 758 2430 adulescentiae
774 2378 888 2448 tempus
904 2371 992 2430 variis
1016 2378 1048 2429 et
1067 2379 1140 2429 te-rs

98 2451 218 2512 nucibus
249 2452 357 2512 morbis
388 2454 569 2514 condictatus
596 2463 657 2530 est,
689 2454 763 2513 adeo
791 2463 820 2513 ut
846 2453 941 2513 animo
971 2452 1057 2513 simul
1081 2462 1109 2512 et

99 2551 225 2613 corpore
241 2536 394 2612 hebetato,
425 2555 462 2596 ne
486 2555 643 2615 progressa
667 2536 782 2616 quidem
804 2545 900 2598 aetate
915 2536 967 2596 ulli
987 2535 1109 2617 publico

99 2618 275 2696 privatoque
299 2622 409 2679 muneri
431 2620 535 2681 habilis
563 2621 785 2681 existimaretur.
828 2620 884 2681 Diu
907 2628 995 2700 atque
1021 2622 1109 2683 etiam

98 2708 166 2778 post
181 2701 299 2760 tutelam
317 2713 466 2781 receptam
484 2704 571 2764 alieni
591 2704 701 2763 arbitrii
717 2714 746 2764 et
768 2705 820 2765 sub
838 2704 1017 2784 paedagogo
1037 2705 1107 2773 init;

97 2801 182 2862 quem
202 2783 356 2845 barbarum
378 2796 406 2846 et
427 2786 494 2848 olim
516 2788 803 2866 superiumentarium
825 2808 863 2849 ex
886 2788 1028 2849 industria
1052 2787 1141 2849 sibico

97 2870 273 2947 appositum,
306 2879 336 2929 ut
351 2890 383 2930 se
401 2872 629 2950 quibuscumque
653 2871 688 2931 de
715 2875 809 2933 causis
834 2891 918 2952 quam
935 2872 1110 2935 saevissime

98 2960 268 3027 coerceret,
299 2955 363 3033 ipse
382 2955 505 3035 quodam
523 2955 625 3016 libello
644 2959 839 3036 conqueritur.
885 2956 930 3018 Ob
947 2956 1024 3018 banc
1040 2975 1109 3018 ean-

98 3038 162 3097 dem
189 3037 372 3099 valitudinem
399 3050 428 3099 et
455 3041 628 3118 gladiatorio
657 3060 792 3119 munere,
824 3041 902 3121 quod
928 3040 1013 3102 simul
1044 3058 1109 3101 cum

97 3123 186 3181 fratre
202 3124 357 3183 memoriae
375 3126 463 3201 patris
486 3125 606 3203 edebat,
639 3125 805 3205 palliolatus
819 3143 898 3186 noro
922 3143 1005 3186 more
1021 3143 1108 3205 prae·

97 3205 185 3273 sedit;
207 3216 235 3265 et
251 3216 339 3285 togae
355 3208 445 3267 virilis
462 3209 508 3268 die
528 3210 605 3269 circa
621 3210 743 3270 mediam
758 3219 874 3270 noctem
890 3211 954 3270 sinc
969 3207 1140 3270 sollemnia

62 3288 196 3351 acilicio
226 3291 331 3351 lectica
360 3293 387 3350 in
412 3290 586 3372 Capitolium
616 3295 689 3354 latus
716 3303 769 3354 est.
813 3293 985 3375 Disciplinis
1009 3300 1108 3354 tamen

96 3372 265 3434 liberalibus
289 3376 324 3435 ab
342 3385 437 3436 aetate
455 3378 544 3456 prima
571 3395 628 3436 non
645 3378 822 3439 mediocrem
837 3395 959 3458 operam
974 3376 1056 3437 dedit
1070 3392 1108 3439 ao

96 3473 187 3536 saepe
218 3462 417 3538 experimenta
446 3463 584 3540 cuiusque
611 3463 696 3522 etiam
717 3460 886 3542 publicavit.
931 3463 1042 3524 Verum
1067 3476 1107 3521 ne
