2286 3862
72 181 134 244 258
322 189 353 238 c.
368 188 560 239 sunuomus
580 184 824 249 rosaemannus

74 349 248 413 Archelaum
269 345 424 425 Pompeius
445 342 594 421 Lenaeus,
622 342 698 422 apud
718 341 923 407 Philocomum
944 346 1088 413 Valerius

75 436 149 497 Cato
165 430 342 512 praedicant.

135 517 336 578 Instruxeruut
352 520 549 591 auxeruntque
565 509 601 570 ab
618 512 694 570 omui
710 519 795 590 parte
810 514 1036 589 grammaticam
1051 518 1084 584 L.

76 604 178 664 delius
188 600 350 662 Lanuvinus
362 613 513 675 generque
525 592 603 655 Aelii
615 594 679 654 Ser.
693 592 832 673 Clodius,
844 604 967 677 uterque
983 616 1082 679 eques

46 690 130 751 allo.
148 686 285 763 multique
304 700 339 743 ac
350 680 423 741 uarii
442 689 471 739 et
488 679 515 738 in
528 678 659 739 doctrina
676 688 705 740 et
724 679 753 739 in
770 697 804 739 re
821 698 853 760 p.
867 698 945 743 usus.
970 680 1098 751 Aeliuse

78 770 250 851 cognomine
268 765 376 844 duplici
391 764 457 834 luit;
475 781 540 824 nam
556 771 585 822 et
596 762 802 842 Praeconinus,
821 764 905 843 qnod
915 774 997 847 pater
1011 768 1073 829 eius

78 853 264 937 praeconium
275 850 402 926 lecerat,
416 847 589 924 uocabatur,
602 857 631 908 et
642 847 731 927 Stilo,
745 847 824 927 quod
834 850 990 913 orationes
999 850 1077 913 nobi-

77 939 186 1000 lissimo
204 935 308 1013 cuique
326 932 456 993 scribere
471 931 600 1002 solebat;
615 939 710 993 tantus
724 933 907 1011 optimatium
920 934 1041 1015 fautor,
1051 944 1081 997 nt

78 1021 226 1086 bletellnm
242 1018 424 1079 Numidicum
444 1016 605 1077 inexilium
627 1016 778 1077 comitatus
793 1018 839 1078 sit.
855 1018 1001 1099 Servius,
1022 1038 1081 1081 enm

77 1110 182 1172 librum
198 1104 295 1167 soceri
311 1101 435 1164 uoudum
447 1100 553 1161 editum
567 1101 668 1164 fraude
679 1101 904 1181 intercepisset,
923 1112 958 1165 et
972 1102 1014 1165 ob
1029 1104 1109 1170 bono

77 1192 243 1274 repudiatus
259 1188 371 1268 pudore
384 1205 420 1246 ac
433 1184 529 1246 taedio
542 1186 718 1246 secessisset
729 1184 765 1245 ab
777 1184 869 1264 urbe,
885 1188 916 1247 in
929 1170 1102 1269 podiffi‘

76 1275 207 1338 morbum
225 1270 341 1341 incidit;
364 1272 444 1331 cuius
459 1270 610 1349 impatiens
628 1287 741 1330 ueneno
757 1269 813 1330 sibi
828 1272 974 1349 perunxit
995 1272 1080 1353 pedes

78 1369 107 1421 et
121 1358 237 1421 enecuit
250 1357 305 1433 ita,
321 1364 350 1415 ut
363 1363 445 1434 parte
460 1371 495 1415 ea
508 1355 644 1433 corporis
656 1353 737 1433 quasi
754 1364 944 1433 praemortua
959 1357 1080 1419 viveret

139 1441 265 1504 Posthac
288 1441 380 1517 magis
396 1457 431 1499 ac
449 1439 541 1516 magis
564 1446 592 1497 et
607 1440 699 1517 gratia
721 1446 751 1497 et
772 1454 841 1499 cura
856 1440 931 1500 artis
948 1440 1080 1517 inersmt

79 1539 109 1590 ut
123 1546 160 1588 ne
173 1524 323 1586 clarissimi
339 1523 454 1602 quidem
468 1523 523 1583 viri
535 1522 723 1583 abstinuerint
737 1523 901 1600 quominus
915 1532 951 1587 et
965 1526 1025 1606 ipsi
1034 1524 1103 1587 ali-o

80 1611 147 1692 quid
169 1610 204 1670 de
227 1627 261 1670 ea
283 1608 460 1686 scriberent,
485 1616 573 1686 utque
593 1606 773 1686 temporibus
794 1605 976 1687 quibusdam
998 1626 1082 1691 snper

79 1695 180 1773 viginti
196 1692 330 1754 celebres
346 1692 466 1753 subolae
482 1692 573 1751 luisse
584 1691 613 1750 iu
628 1690 699 1751 urbe
714 1690 877 1762 tradantur:
895 1694 999 1773 pretia
1014 1708 1081 1755 vero

79 1779 331 1858 grammaticorum
351 1784 427 1837 tanta
449 1775 660 1855 mercedesque
679 1784 736 1835 tam
755 1793 893 1854 magnae,
914 1786 951 1839 ut
971 1782 1083 1840 constet

79 1864 217 1924 Lutatium
231 1860 428 1939 Daphnidem,
455 1878 539 1939 quem
554 1858 678 1919 Laevius
689 1859 826 1921 Melissus
841 1877 898 1939 per
919 1862 1081 1925 cavillatio·
1140 1917 1143 1932 ,

80 1966 145 2008 nem
157 1947 278 2006 nominis
291 1945 386 2005 Panos
401 1962 516 2022 agasma
529 1943 612 2020 dicit,
628 1942 714 2004 DGG.
726 1943 841 2005 milibus
854 1961 1006 2009 nummum
1017 1963 1036 2008 a
1048 1946 1108 2021 ssat
1142 1941 1143 1950 ’

81 2030 184 2093 catulo
202 2038 326 2109 emptum
343 2046 377 2088 ac
393 2028 476 2088 brevi
489 2029 706 2105 manumissum,
722 2026 753 2088 L.
765 2026 922 2109 Apuleium
937 2028 980 2093 ab
990 2028 1082 2093 modo

82 2115 203 2177 Calvino
222 2115 318 2192 equite
330 2113 459 2173 llomano
472 2112 633 2192 praedivite
649 2110 855 2191 quadringenis
866 2116 975 2175 annuis
994 2114 1082 2177 *eom
1137 2154 1141 2177 ι

81 2201 183 2262 ductos
199 2198 304 2258 multos
321 2197 468 2257 edoceret.
495 2195 567 2257 Nam
583 2198 610 2255 in
627 2197 923 2276 provinciasquoapue
940 2216 1084 2291 gummap
1138 2200 1142 2211 '

80 2288 137 2346 tica
156 2289 376 2363 penetrauerat,
394 2299 429 2340 ao
445 2281 574 2340 nonnulli
587 2279 623 2339 de
638 2281 797 2341 notissimis
812 2280 990 2344 doctoribus
1002 2300 1086 2363 pere

80 2388 134 2448 gre
157 2367 332 2441 docueruut,
357 2367 480 2425 maxime
501 2366 529 2423 in
545 2362 637 2426 Gallia
660 2364 788 2441 Togata3
811 2365 888 2426 inter
903 2384 985 2445 quos
1001 2366 1108 2429 Oeta-s
1140 2409 1141 2412 ι

80 2456 144 2514 vius
156 2451 271 2512 Teucer
288 2459 317 2509 et
328 2448 506 2510 Pescennius
522 2447 625 2508 laoous
642 2457 670 2508 et
683 2447 795 2527 Oppius
810 2445 939 2521 liberem
958 2450 1011 2513 lrlo
1024 2450 1083 2533 qul

81 2538 145 2598 dem
163 2536 198 2595 ad
221 2535 346 2594 ultimam
368 2541 508 2608 aetatem,
531 2541 561 2591 et
585 2550 648 2591 cum
676 2534 730 2592 iam
749 2549 808 2591 non
833 2533 974 2611 ingressu
998 2534 1084 2597 modo

80 2622 255 2681 deficeretur
271 2617 324 2678 sed
339 2626 368 2676 et
380 2618 455 2677 visu.

55 2721 73 2774 4
144 2703 313 2781 Appellatio
328 2699 580 2778 grammaticorum
595 2699 707 2761 Graeca
727 2700 934 2763 consuetudine
949 2702 1083 2773 tumtum

82 2787 134 2850 sed
146 2787 226 2846 initio
236 2784 549 2846 litterativocabautur.
569 2783 722 2844 Cornelius
736 2800 852 2864 quoque
859 2784 968 2865 Nepos
981 2786 1111 2853 libellos

82 2889 139 2955 quo
163 2871 311 2949 distinguit
329 2869 483 2930 litteratum
501 2867 536 2928 ab
555 2868 682 2946 erudito,
697 2870 840 2930 litteratos
861 2870 980 2949 quidem
994 2872 1084 2953 vulgo

82 2955 225 3038 appellari
247 2956 286 3015 ait
304 2972 356 3014 eos
376 2954 424 3034 qui
440 2952 548 3031 aliquid
564 2952 720 3030 diligenter
737 2962 766 3013 et
790 2961 875 3014 acute
896 2955 1085 3039 scienterque

83 3042 196 3123 possint
208 3049 255 3100 aut
268 3037 366 3098 dicere
379 3047 425 3099 aut
438 3037 580 3109 scribere,
598 3047 726 3098 ceterum
742 3038 863 3116 proprie
875 3038 920 3099 sio
931 3040 1086 3120 appellan-

83 3128 136 3189 dos
153 3133 305 3203 poetarum
316 3124 508 3201 interpretes,
521 3123 568 3200 qui
580 3140 596 3182 a
610 3121 729 3183 Graecis
741 3122 921 3199 grammatici
932 3126 1084 3186 nominen-

81 3222 136 3272 tur.
150 3208 278 3270 Eosdem
292 3207 470 3266 litteratores
483 3208 628 3269 vocitatos
638 3205 763 3267 Messala
772 3204 1115 3290 Corvinusinquadomts

83 3294 209 3373 epistola
224 3290 363 3366 ostendit,
380 3309 443 3353 ooo
454 3309 522 3352 ense
533 3289 596 3353 sibi
610 3291 709 3352 dicens
720 3308 785 3351 rem
795 3309 863 3352 eom
876 3290 976 3355 Furio
987 3290 1085 3357 Bibo-

83 3378 164 3455 colo,
181 3395 220 3438 rae
234 3395 302 3440 com
317 3372 426 3436 Pisida
441 3374 562 3455 quidem
577 3381 632 3436 aot
645 3374 818 3438 litteratore
833 3373 977 3449 Cotem
993 3378 1087 3457 signi·

82 3462 151 3524 licat
162 3462 238 3523 enim
249 3460 325 3523 baud
338 3459 422 3520 dubie
434 3458 581 3521 Valerium
594 3459 746 3539 Catonem,
763 3468 879 3541 poetam
889 3461 975 3524 simul
988 3480 1086 3543 grann-
