2334 3870
108 172 150 235 26
194 183 223 233 c.
240 181 390 232 suuuoru
407 180 535 242 unaue.
550 181 597 228 ou
614 180 698 228 vura
714 178 899 230 cassanum
914 181 982 229 urs.
1000 182 1024 230 1.

110 340 214 402 sendus
239 339 346 400 frustra
369 356 459 418 saepe
485 337 627 413 misisset,
654 336 812 397 nouissime
835 336 900 414 ipse
926 335 1001 398 clam
1023 349 1114 402 noctu

109 423 259 505 parvulum
274 424 418 500 navigium
433 420 513 482 solus
529 419 670 480 obvoluto
690 421 785 499 capite
803 419 993 500 conscendit,
1016 440 1114 505 neque

109 518 156 570 aut
177 510 241 593 quis
259 517 339 569 esset
358 516 423 568 ante
441 506 551 566 detexit
569 514 616 566 aut
635 504 861 582 gubernatorem
878 504 987 566 cedere
1008 506 1113 571 adver·

66 601 101 657 59
111 612 162 655 sae
176 594 340 673 tempestati
355 609 459 670 passus
475 599 535 667 est,
549 608 632 670 quam
648 607 742 668 paene
759 587 879 649 obrutus
893 589 1034 651 fluctibus.
1054 592 1109 652 'Ne

107 679 253 758 religione
268 676 382 756 quidem
397 675 454 736 ulla
470 694 486 735 a
502 692 645 754 quoquam
656 676 776 753 incepto
793 672 965 735 absterritus
979 690 1127 755 unquams

108 763 157 824 vel
177 761 338 823 retardatus
361 769 415 820 est.
458 759 529 820 Cum
551 759 706 819 immolanti
729 757 891 834 aufugisset
907 758 1018 838 hostia,
1040 778 1104 840 pro-

107 847 265 908 fectionem
287 845 426 906 adversus
444 845 613 923 Scipionem
635 852 664 902 et
687 842 785 903 luham
804 859 863 902 non
887 842 1007 904 distulit.
1040 844 1108 906 Pro·

107 931 206 1010 lapsus
222 931 307 991 etiam
322 931 350 988 in
366 947 490 1006 egressu
505 930 602 1006 navis,
624 945 713 988 verso
730 926 765 988 ad
778 926 881 986 melius
897 929 993 989 omine
1013 927 1111 993 Teneo

107 1021 152 1092 te,
168 1017 273 1094 inquit,
290 1011 414 1092 Africo.
449 1013 495 1074 Ad
511 1011 667 1072 eludendas
684 1020 778 1072 autem
793 1012 1034 1091 vaticinationes,
1049 1017 1111 1094 qui-

106 1097 161 1158 bus
175 1099 248 1159 felix
264 1107 292 1159 et
311 1099 448 1158 invictum
465 1099 493 1156 in
512 1114 546 1156 ea
563 1097 715 1174 provincia
730 1095 858 1157 fataliter
874 1097 1045 1176 Scipionum
1060 1116 1111 1159 no·
1122 1113 1145 1154 rc

106 1199 172 1243 men
198 1181 363 1259 ferebatur,
390 1181 641 1260 despectissimum
671 1179 812 1260 quendam
841 1199 880 1242 ex
906 1179 1111 1245 Corneliorum

98 1260 234 1349 genae,
258 1269 302 1327 cui
324 1266 361 1327 ad
382 1263 571 1346 opprobrium
591 1267 668 1326 vitae
687 1263 829 1326 Saluitoni
850 1281 1010 1344 cognomen
1032 1276 1105 1344 erat,

107 1357 136 1414 in
153 1354 256 1415 castris
270 1368 368 1412 secum
383 1349 491 1411 hahuit.

63 1450 100 1504 oo
170 1437 286 1498 Proelia
301 1454 360 1496 non
375 1443 481 1496 tanturn
497 1435 658 1511 destinato,
682 1433 734 1494 sed
751 1452 788 1495 ex
804 1435 963 1495 occasione
978 1433 1109 1495 sumebat

106 1539 144 1582 ac
161 1539 251 1601 saepe
269 1519 304 1581 ab
322 1522 425 1581 itinere
445 1521 556 1597 statim,
578 1519 720 1580 interdum
735 1519 931 1598 spurcissimis
952 1527 1145 1598 tempesta-15

106 1605 197 1684 tibus,
220 1623 283 1665 cum
306 1607 419 1665 minime
441 1606 504 1684 quis
521 1613 663 1665 moturum
678 1608 808 1683 putaret;
831 1621 888 1662 nec
902 1604 958 1663 nisi
976 1611 1110 1684 tempore

107 1698 239 1751 extremo
264 1689 299 1750 ad
320 1688 509 1749 dimicandum
530 1690 692 1748 cunctatior
708 1688 802 1748 factus
825 1695 884 1765 est,
910 1705 969 1767 quo
992 1689 1110 1769 saepius

106 1774 243 1849 vicisset,
265 1773 323 1832 hoc
344 1774 435 1831 minus
452 1771 648 1850 experiendos
665 1790 750 1832 casus
769 1774 908 1851 opinans,
929 1771 1060 1853 nihilque
1077 1790 1111 1832 se

105 1865 212 1918 tantum
234 1855 439 1933 adquisiturum
458 1857 598 1934 victoria,
627 1864 761 1935 quantum
776 1851 999 2001 *Ἳιαιιῖοννθ
1021 1856 1108 1919 colu·

105 1939 199 2000 mites
211 1945 328 2018 posset.
368 1937 492 2000 Nullum
506 1937 662 2023 umquem]
678 1940 793 2002 hostem
814 1941 845 2002 iu
866 1943 902 2017 t,
919 1943 987 2021 quin
1006 1943 1144 2003 castrisao

107 2040 222 2104 quoque
237 2032 372 2085 exueret:
391 2026 430 2084 ita
445 2024 551 2084 nullum
569 2028 691 2104 spatium
706 2026 870 2105 perterritis
885 2022 981 2086 debat.
1020 2025 1109 2087 Anciss

67 2121 88 2145 Ν
105 2108 159 2188 pili
179 2106 295 2186 proelio
315 2125 407 2188 equos
426 2108 584 2169 dimittebat
604 2119 634 2170 et
655 2111 684 2170 in
706 2111 806 2190 primis
823 2128 920 2186 suum,
941 2127 1000 2188 quo
1016 2111 1111 2172 maior

107 2193 292 2273 permanendi
323 2194 485 2255 necessitas
512 2196 710 2274 imponeretur
739 2193 847 2256 auxilio
874 2194 962 2271 fugae
991 2203 1109 2274 erepto.

62 2274 249 2339 orbtetatur
269 2287 362 2338 autern
383 2296 458 2358 equo
479 2279 601 2357 insigni,
625 2280 749 2359 pedihus
771 2296 866 2359 prope
881 2277 1011 2339 humanis
1030 2287 1060 2340 et
1079 2280 1109 2338 in

106 2362 220 2422 modurn
236 2361 390 2440 digitorum
404 2363 519 2442 ungulis
538 2365 630 2441 flssis,
653 2382 738 2444 quern
759 2371 855 2424 natum
874 2362 950 2443 apud
968 2381 1019 2442 se,
1043 2381 1143 2426 cumas

106 2445 275 2524 haruspices
290 2449 440 2527 imperium
457 2449 537 2509 orbis
552 2458 649 2508 terrae
664 2449 831 2526 significare
846 2445 963 2510 domiuo
979 2462 1107 2528 pronun·

106 2528 242 2604 tiassent,
267 2546 370 2608 magna
394 2549 462 2592 cura
487 2532 556 2592 aluit
581 2550 637 2593 nec
657 2535 814 2612 patientem
834 2533 964 2593 sessoris
986 2531 1108 2594 alterins

105 2611 213 2686 primus
228 2614 372 2684 ascendit;
397 2617 476 2675 cuius
498 2617 583 2676 etiam
603 2618 694 2678 instar
708 2634 763 2697 pro
779 2616 852 2677 aede
871 2616 998 2677 Veneris
1012 2615 1107 2679 (iene-

61 2692 98 2748 62
106 2693 187 2751 tricis
204 2703 309 2771 postea
325 2697 478 2758 dedicauit.
514 2698 682 2762 lnclinatam
701 2703 793 2762 aciem
814 2700 895 2762 solus
915 2718 1008 2781 saepe
1020 2703 1106 2763 resti·

104 2775 156 2834 tuit
180 2773 326 2840 obsistens
347 2781 524 2859 fugientibus
545 2786 732 2865 retinensque
756 2784 888 2862 singulos
910 2793 940 2844 et
961 2788 1140 2849 contortisao

104 2856 234 2919 saucibus
263 2874 438 2925 convertens
460 2868 489 2925 in
511 2865 625 2929 hostem
645 2878 674 2930 et
696 2870 810 2949 quidem
834 2868 909 2930 adeo
932 2867 1105 2953 plerumque

104 2941 250 3022 trepidos,
278 2954 308 3005 ut
333 2948 466 3026 aquilifer
491 2955 612 3013 moranti
637 2971 671 3013 se
693 2953 814 3034 cuspide
838 2954 878 3013 sit
903 2955 1104 3034 comminatus,

60 3025 176 3098 sanlius
192 3027 221 3086 in
239 3045 323 3088 manu
342 3031 496 3093 detinentis
515 3035 667 3115 reliquerit
686 3038 808 3115 signum.
840 3036 907 3099 Non
925 3038 1039 3101 minora
1053 3039 1105 3101 illa

105 3113 282 3172 constantiae
304 3114 382 3191 eius,
405 3117 490 3177 immo
510 3121 620 3182 maiora
641 3122 728 3181 etiam
745 3121 851 3182 indicia
872 3120 989 3183 luerint.
1031 3121 1105 3185 Post

103 3195 196 3256 aciem
210 3195 401 3258 Pharsalicam
423 3219 485 3260 cum
505 3206 673 3282 praemissis
694 3207 723 3264 in
738 3205 838 3266 Asiam
860 3207 955 3285 copiis
975 3224 1031 3286 per
1052 3224 1138 3271 att-as

102 3280 212 3356 gustias
227 3280 409 3361 Hellesponti
430 3287 561 3348 uectoria
583 3288 716 3349 navicula
737 3291 891 3366 traiceret,
914 3289 945 3350 h.
969 3287 1102 3354 Cassium

100 3364 192 3442 partis
208 3365 347 3428 adversae
365 3384 428 3428 cum
444 3368 545 3429 decem
559 3375 693 3451 rostratis
711 3372 831 3434 navibus
847 3372 964 3435 obvium
978 3374 1036 3437 sibi
1050 3393 1100 3437 ne·

101 3465 158 3526 que
173 3448 324 3527 refugitet
344 3455 496 3508 comminus
511 3453 632 3512 ceruleoe
648 3506 650 3512 ,
667 3455 744 3516 ultro
763 3454 798 3515 ad
813 3454 990 3519 deditionem
1003 3458 1101 3523 horta·
