2286 3862
139 169 198 232 102
226 180 256 227 c.
270 176 420 226 suarem
438 172 563 232 resno.
581 172 628 218 ns
644 171 728 219 mna
746 168 941 219 caueamur:
955 168 1036 218 nne.
1048 168 1098 218 111.

138 338 211 397 ciem
227 332 398 394 sacramenti
414 332 441 389 in
459 328 627 406 provincias
641 326 785 405 gravioris
800 322 880 385 caeli
892 322 1073 403 distribuit,
1091 327 1140 389 reli

138 439 210 500 quos
226 420 321 496 gentis
338 415 464 476 eiusdem
477 413 525 471 vel
543 412 644 472 similia
660 418 807 471 sectantes
822 408 900 469 urbe
913 412 1091 489 summovit,
1103 412 1140 473 ml

136 522 233 585 poena
256 511 416 581 perpetuae
437 498 583 559 servitutis
603 496 658 556 nisi
680 494 957 574 obtemperassent.
990 494 1108 577 Expulit
1119 506 1139 557 et

136 588 369 662 mathematicos,
392 583 445 643 sed
468 580 690 660 deprecantibus
705 596 740 642 ae
756 596 789 639 se
804 586 900 641 artem
914 577 1076 644 desituros
1084 601 1135 662 pro

136 671 313 734 mittentibus
329 670 440 728 veniam
456 664 544 726 dedit.
1141 690 1143 695 ¹

93 770 127 826 37
200 756 233 816 In
246 756 344 833 primis
359 751 481 812 tuendae
495 752 575 831 pacis
589 769 604 809 a
616 750 791 828 grassaturis
804 766 839 809 ac
850 746 1037 813 latrociniis
1047 751 1123 813 sellio

135 857 260 917 numque
281 838 398 898 licentia
419 854 516 897 curam
532 834 639 896 habuit.
668 836 814 895 stationes
827 832 961 896 militurn
979 855 1041 917 per
1053 836 1132 899 Italian

136 925 222 985 solito
245 923 459 1002 frequentiores
476 921 626 999 disposuit.
655 921 765 981 Romae
784 926 882 979 castra
898 922 1078 999 constituit,
1094 922 1133 1000 qai·

135 1008 189 1068 bus
207 1009 411 1086 praetorianae
429 1005 582 1081 cohortes,
606 1021 701 1082 vagae
717 1012 783 1066 ante
802 1002 831 1063 id
844 1011 977 1085 tempus
993 1006 1134 1089 etherlc

135 1093 220 1172 spitia
236 1092 403 1171 dispersae,
421 1091 646 1149 continerentur.

198 1176 358 1253 Populares
386 1173 520 1233 tumultus
548 1181 577 1231 et
598 1181 679 1233 ortos
702 1173 877 1250 gravissime
902 1176 1053 1237 coercuit
1073 1184 1099 1236 et
1113 1192 1134 1233 rc

135 1267 288 1319 orerentur
307 1259 410 1318 sedulo
426 1259 510 1317 cavit.
544 1255 641 1317 Caede
656 1260 685 1316 in
700 1258 814 1317 theatro
830 1275 887 1338 per
903 1257 1095 1322 discordiam
1106 1259 1133 1320 al

133 1345 236 1420 missa,
259 1344 354 1421 capita
376 1343 532 1403 factionum
548 1351 577 1400 et
594 1342 765 1418 histriones,
787 1351 913 1422 propter
933 1362 1021 1423 qnos
1039 1345 1129 1407 dissida

134 1428 233 1504 batur,
248 1427 406 1505 relegavit,
421 1444 476 1487 nec
489 1437 519 1487 ut
532 1435 689 1487 revocaret
705 1444 837 1506 umquam
847 1427 917 1488 ullis
935 1429 1050 1511 populi
1064 1428 1134 1511 procl

133 1513 187 1572 bus
215 1514 309 1591 potuit
335 1514 441 1572 evinci.
485 1511 556 1573 Cum
582 1510 745 1599 Pollentina
771 1510 857 1591 plebs
883 1513 979 1575 funus
1010 1514 1136 1575 cuiusdaa

134 1598 320 1676 primipilaris
341 1616 399 1658 nou
420 1598 500 1676 prius
516 1616 554 1656 ex
569 1597 635 1658 loro
651 1598 795 1672 misisset,
819 1613 906 1675 quam
925 1607 1057 1661 extorta
1071 1617 1135 1679 pecu

134 1683 180 1741 nia
204 1700 257 1759 per
278 1684 335 1740 vim
353 1681 517 1741 heredibus·
531 1681 566 1739 ad
587 1680 788 1757 gladiatorium
803 1690 923 1759 munus,
943 1680 1135 1745 cobortenal

134 1765 205 1825 urbe
227 1773 256 1823 et
270 1765 353 1824 aliam
369 1782 384 1824 a
401 1763 477 1824 Cotti
495 1782 607 1841 regno,
623 1765 799 1825 dissimulata
812 1766 924 1827 itineris
947 1786 1064 1847 causa,
1077 1768 1135 1829 dote

135 1852 187 1908 ctis
209 1856 330 1925 repente
346 1849 432 1907 armis
456 1849 731 1929 concinentibusque
750 1849 840 1925 signis
855 1867 911 1928 per
926 1849 1075 1915 diversas
1088 1868 1134 1933 por

133 1942 177 1991 tas
199 1932 227 1988 in
249 1930 386 2009 oppidum
407 1934 534 2008 immisit,
558 1951 592 1993 ac
608 1942 720 2012 partem
733 1933 872 1993 maiorem
889 1933 1001 2013 plebel
1017 1955 1057 2002 ac
1070 1938 1133 1999 deca

133 2016 245 2074 rionum
265 2016 294 2073 in
312 2025 453 2094 perpetua
470 2017 585 2076 vincula
606 2019 723 2079 coiecit.
758 2015 901 2079 Abolerit
915 2028 949 2080 et
964 2023 1016 2083 ins
1031 2039 1134 2085 morea

133 2116 188 2177 que
215 2099 374 2177 asylo'rum,
402 2118 476 2179 quae
502 2119 621 2181 osquam
647 2111 737 2163 erant.
773 2099 930 2176 Cyzicenis
954 2105 990 2166 in
1015 2104 1136 2169 eirceb

133 2183 287 2242 violentius
310 2184 450 2262 quaedam
476 2188 553 2245 ausis
579 2186 695 2266 publice
721 2185 886 2246 libertatem
907 2187 1046 2271 ademit,
1072 2205 1137 2272 quaa

132 2267 325 2328 Mithridatico
341 2269 420 2330 bello
436 2279 608 2331 meruerant.

194 2352 324 2414 Hostiles
344 2364 454 2432 motus,
478 2355 554 2415 nulla
574 2364 677 2434 postea
698 2355 884 2435 expeditione
907 2370 1080 2441 suscepta,
1099 2374 1139 2441 ptt

131 2437 247 2513 legatos
275 2442 470 2517 compescuit,
497 2458 534 2498 ne
555 2457 608 2518 per
633 2458 686 2500 eos
707 2441 821 2520 quidem
841 2441 898 2500 nisi
920 2449 1140 2507 cunctantercl

131 2523 311 2581 necessario.
349 2525 449 2600 Reges
477 2525 600 2584 infestos
626 2533 840 2605 suspectosque
868 2528 1140 2591 comminationum

130 2606 223 2679 magis
239 2615 268 2663 et
284 2608 423 2683 querellis
438 2626 522 2686 quam
537 2611 564 2667 vi
577 2611 734 2688 repressit;
758 2609 898 2687 quosdam
914 2628 974 2690 per
993 2613 1140 2675 blanditiae

131 2695 217 2764 atque
238 2692 380 2765 promissa
403 2701 551 2752 extractos
573 2692 607 2752 ad
628 2711 736 2753 senon
758 2695 881 2771 remisit,
903 2704 934 2755 ut
947 2695 1141 2769 blaa-obodan

131 2768 313 2849 Germanum,
328 2774 537 2853 Rhascypolim
552 2776 709 2854 Thracem,
724 2776 901 2839 Archelaum
918 2776 1140 2863 Cappadocem,

132 2854 211 2913 cuius
228 2857 312 2916 etiam
327 2877 447 2935 regnum
463 2862 626 2922 informem
642 2863 810 2939 provinciae
826 2863 953 2941 redegit.

88 2955 123 3009 38
193 2938 313 3001 Biennio
342 2946 475 3005 continuo
501 2954 568 3023 post
594 2945 726 3024 adeptum
752 2947 903 3025 imperium
926 2950 1043 3028 pedem
1064 2958 1141 3031 porta

130 3041 188 3083 non
205 3025 320 3094 extulit;
343 3031 476 3106 sequenti
494 3038 624 3109 tempore
642 3040 844 3110 praeterquam
860 3034 889 3092 in
903 3036 1080 3116 propinqua
1095 3050 1140 3112 op

131 3107 196 3186 pida
218 3117 263 3186 et,
289 3127 351 3167 cum
375 3111 559 3190 longissime,
586 3114 673 3175 Antio
690 3125 772 3175 tenus
787 3134 927 3196 nusquam
943 3118 1036 3199 afuit,
1058 3120 1140 3199 idque

130 3209 251 3270 perraro
273 3202 302 3252 et
317 3213 426 3273 paucos
442 3197 517 3268 dies;
542 3201 671 3277 quamvis
685 3201 852 3277 provincias
872 3220 997 3283 quoque
1013 3213 1045 3265 et
1060 3220 1139 3266 exer·

131 3276 203 3334 citus
223 3280 382 3339 revisurum
405 3300 437 3340 se
458 3302 547 3362 saepe
570 3287 785 3361 pronuntiasset
806 3295 835 3346 et
856 3305 953 3367 prope
969 3288 1138 3368 quotannis

130 3361 343 3436 profectionem
359 3377 558 3445 praepararet,
577 3367 718 3428 vehiculis
736 3371 974 3450 comprehensis,
993 3390 1137 3436 commea·

129 3441 204 3503 tibus
223 3465 276 3524 per
289 3453 443 3531 municipia
463 3459 492 3510 et
508 3453 637 3513 colonias
653 3454 817 3535 dispositis,
834 3455 869 3516 ad
888 3466 1056 3523 extremum
1072 3468 1137 3524 rota
