2286 3862
502 183 674 232 onnes.
1026 169 1087 234 209

88 363 145 406 eos
157 341 271 404 nonnisi
283 339 445 421 praeduros
457 338 652 417 exoletosque
659 361 666 408 ;
686 336 820 399 ferebant
836 339 865 399 ln
876 338 1014 418 Hispania
1025 338 1087 400 lce·

90 428 149 490 lum
161 447 178 488 e
188 426 337 488 veteribus
351 422 538 500 concubinis,
551 422 587 483 de
596 422 722 483 Neronis
734 424 812 483 exitu
825 425 1015 501 nuntiantem,
1029 439 1087 483 non

89 511 176 573 modo
196 511 346 572 artissimis
364 508 473 569 osculis
495 507 589 587 palam
605 516 760 586 exceptum
778 507 813 569 ab
834 525 886 585 eo,
907 505 960 566 sed
976 517 1005 568 ut
1024 510 1087 567 sine

89 614 171 658 mora
182 595 343 656 velleretur
355 602 475 670 oratum,
493 601 578 671 atque
590 592 747 652 seductum.

67 700 81 740 s
156 680 246 740 Periit
260 680 346 739 tertio
360 687 389 737 et
401 678 617 757 septuagesimo
629 679 730 736 aetatis
748 694 839 757 anno,
859 676 972 755 imperii
987 686 1130 742 menseto

89 765 226 843 septimo.
265 764 398 840 Senatus,
410 770 441 822 ut
460 762 580 842 primum
597 761 704 820 licitum
722 771 781 838 est,
800 769 922 822 statuant
941 761 969 819 ei
987 759 1088 820 decre·

88 857 174 909 verat
184 857 327 909 rostratae
340 847 491 909 columnae
505 853 718 925 superstantem
729 846 757 904 in
771 856 854 923 parte
866 846 937 922 lori,
959 863 1015 924 qua
1030 853 1086 904 tru-

90 931 201 992 cidatus
213 942 258 992 est
263 955 270 1002 ;
284 931 335 992 sed
348 932 496 992 decretum
508 930 709 1008 Vespasianus
730 928 873 1007 abolevit,
894 945 1087 1007 percussores

88 1016 145 1075 sibi
159 1035 196 1076 ex
206 1016 345 1095 Hispania
358 1017 387 1076 in
398 1015 534 1077 Iudaeam
546 1013 715 1074 submisisse
729 1015 872 1093 opinatus.

465 1226 704 1236 -—-—————-

524 1359 643 1415 ordo.

63 1539 90 1581 10
155 1519 282 1580 Maiores
295 1515 416 1577 Othonis
430 1516 486 1575 orti
497 1523 562 1574 sunt
579 1513 688 1592 oppido
701 1513 856 1590 Ferentio,
868 1515 976 1575 familia
988 1524 1089 1576 vetere
1101 1529 1116 1584 1

90 1613 120 1665 et
136 1604 279 1664 honorata
296 1611 381 1681 atque
398 1618 435 1660 ex
452 1598 633 1680 principibus
649 1597 793 1658 Etruriae.
819 1597 900 1657 Avus
918 1598 957 1659 Μ.
974 1599 1089 1660 Salvius

91 1688 177 1766 Otho,
195 1697 277 1767 patre
293 1688 390 1765 equite
407 1685 443 1746 R.
459 1693 550 1744 matre
562 1682 659 1743 humili
673 1684 815 1742 incertum
832 1700 867 1742 an
879 1684 1021 1760 ingenua,
1036 1701 1089 1762 per

90 1776 212 1851 gratiam
219 1772 319 1832 Liviae
331 1771 502 1848 Augustae,
516 1771 545 1829 iu
558 1769 638 1828 cuius
655 1766 740 1828 domo
754 1775 899 1844 creverat,
912 1776 1031 1828 senator
1043 1778 1088 1829 est

90 1858 195 1934 iactus,
209 1875 264 1916 nec
277 1865 430 1936 praeturae
442 1853 562 1932 gradum
574 1854 712 1913 excessit.

56 1964 82 2005 rs
154 1941 239 2001 Pater
249 1940 280 1999 b.
294 1938 379 2017 Otho,
394 1948 524 1999 materno
543 1956 653 2016 genere
671 1937 825 2018 praeclaro
840 1935 1047 2017 multarumque
1060 1947 1089 1998 et

91 2042 258 2100 magnarum
272 2025 544 2102 propinquitatium,
557 2032 614 2083 tam
634 2040 718 2082 carus
736 2030 850 2100 tamque
873 2038 931 2081 non
948 2021 1087 2082 absimilis

92 2107 168 2168 facie
181 2106 300 2167 Tiberio
314 2108 439 2186 principi
450 2106 514 2183 luit,
527 2115 556 2165 ut
568 2106 702 2184 plerique
717 2114 901 2184 procreatum
913 2124 951 2165 ex
968 2124 1005 2168 eo
1025 2125 1085 2167 cre·

92 2191 203 2252 dorent.
234 2190 370 2252 Urbanos
389 2190 532 2267 honores,
551 2190 787 2268 proconsulatum
806 2188 927 2249 Africae
945 2200 974 2250 et
993 2199 1087 2251 extra·

94 2276 238 2337 ordinaria
254 2277 374 2354 imperia
387 2275 573 2334 severissime
587 2273 802 2333 administravit.
836 2273 933 2335 Ausus
946 2276 1032 2334 etiam
1043 2283 1089 2334 est

55 2383 82 2424 ao
92 2363 121 2421 in
134 2360 254 2435 Illyrico
266 2360 371 2420 milites
387 2357 537 2439 quosdam,
551 2357 628 2437 quod
640 2367 719 2418 motu
732 2356 844 2419 Camilli
863 2378 900 2418 ex
912 2360 1088 2438 paenitentia

92 2448 280 2525 praepositos
289 2462 358 2505 suos
367 2445 449 2522 quasi
459 2443 634 2503 delectionis
646 2441 784 2503 adversus
796 2440 945 2503 Claudium
953 2451 1088 2503 auctores

91 2529 268 2606 occiderant,
283 2531 378 2608 capite
392 2530 503 2607 punire,
520 2536 549 2588 et
561 2527 675 2608 quidem
689 2536 755 2587 ante
767 2530 911 2607 principia
930 2546 962 2587 se
980 2545 1087 2605 comm,

91 2616 220 2693 quamvis
234 2612 271 2674 ob
285 2613 333 2673 ‘di
356 2632 418 2673 sum
430 2622 582 2691 promotos
595 2615 623 2671 in
645 2612 817 2690 ampliorem
835 2611 957 2690 gradum
975 2631 991 2673 a
1004 2610 1086 2673 Glau-

90 2698 138 2759 dio
152 2701 250 2759 soiret.
277 2700 342 2774 Quo
366 2717 401 2759 ac
463 2699 522 2758 icut
537 2695 662 2775 gloriam
675 2698 770 2773 auxit,
790 2698 829 2756 ita
841 2698 963 2773 gratiam
974 2699 1086 2766 minuit;

54 2805 81 2845 sc
92 2801 175 2863 quam
188 2793 281 2843 tamen
292 2791 401 2843 mature
408 2783 587 2861 reciperavit
599 2781 714 2842 detecta
722 2782 827 2860 equitis
835 2780 871 2841 R.
882 2780 994 2860 iraude,
1003 2799 1088 2860 quem

92 2865 281 2944 prodentibus
293 2868 387 2926 servis
406 2884 508 2926 necem
521 2865 643 2927 Claudio
662 2883 767 2944 parare
786 2873 978 2944 compererat.
1002 2864 1087 2928 Nam·

92 2967 148 3029 que
161 2958 190 3008 et
201 2959 318 3010 senatus
332 2949 446 3010 bonore
457 2952 617 3028 rarissimo,
634 2959 725 3010 statua
738 2951 766 3007 in
778 2947 889 3009 Palatio
902 2951 1008 3028 posita,
1021 2968 1087 3028 pro·

91 3043 209 3095 secutus
222 3043 267 3094 est
286 3051 349 3093 eum
361 3041 390 3093 et
402 3032 537 3094 Claudius
556 3034 699 3095 adlectum
717 3033 792 3091 iuter
812 3035 951 3113 patricios
971 3033 1087 3094 conlau-

91 3118 162 3179 dans
174 3118 359 3198 amplissimis
369 3117 480 3195 verbis,
493 3118 550 3178 boc
563 3135 679 3198 quoque
692 3115 812 3177 adiecit:
830 3115 894 3194 Vir,
911 3137 970 3198 pcto
982 3117 1085 3180 melio·

54 3223 81 3266 so
90 3221 142 3265 res
150 3201 266 3264 liberos
276 3200 393 3263 babere
401 3220 440 3262 ne
450 3208 522 3281 opto
534 3201 665 3282 quidem.
685 3197 732 3260 Ex
743 3200 831 3263 Albia
842 3201 978 3264 Terentia
990 3202 1086 3283 splen-

91 3288 157 3350 dida
166 3287 272 3347 lomina
285 3287 356 3346 duos
369 3287 445 3346 blios
457 3287 567 3365 tulit,b.
580 3286 721 3347 Titianum
733 3295 762 3346 et
773 3289 913 3348 minorem
925 3287 963 3348 lt.
977 3302 1085 3364 cogno·

89 3375 195 3434 minem
206 3371 276 3442 sibi;
293 3372 357 3433 tulit
371 3380 400 3431 et
416 3372 511 3449 filiam,
533 3389 617 3450 quam
633 3370 750 3432 vixdum
766 3371 894 3433 nubilem
908 3371 1004 3434 Druso
1017 3370 1086 3433 Ger·

90 3459 194 3518 manici
206 3457 269 3516 lilio
281 3455 444 3537 despondit.

134 3562 287 3602 sunrcmus.
896 3543 934 3604 14
