2286 3862
430 205 535 254 urvus
557 204 747 252 sususrus.
861 181 863 188 ’
1019 195 1059 256 77

60 363 159 441 potius
170 360 252 439 sequi
266 361 444 440 opinionem,
461 362 508 438 qui
522 360 644 439 perinde
661 359 843 420 scribendum
860 378 895 419 ac
909 361 1060 440 loquamur

63 445 233 504 existiment.
264 442 337 504 Nam
359 443 437 523 quod
458 461 549 523 saepe
562 463 620 504 non
634 443 746 504 litteras
760 444 847 503 modo
864 445 916 504 sed
932 443 1059 520 syllabas

62 537 109 588 aut
134 535 276 606 permutat
298 537 346 588 aut
372 530 526 606 praeterit,
553 528 711 588 communis
732 527 876 588 hominum
899 547 982 589 error
1003 538 1058 588 est.

60 612 124 672 Nec
137 630 195 690 ego
211 612 399 688 muctarem,
415 612 469 671 uisi
482 612 549 672 mihi
564 613 664 672 mirum
679 612 826 671 videretur
842 613 996 673 tradidisse
1010 612 1059 672 ali·

29 708 151 774 equos,-
172 696 272 774 legato
294 714 358 756 eum
381 696 524 756 consulari
548 701 760 756 successorem
773 695 888 755 dedisse
912 705 942 755 ut
957 696 1018 756 rudi
1033 703 1061 756 et

60 781 195 856 indocto,
220 781 300 840 cuius
320 798 402 841 mauu
426 779 475 840 imi
490 796 545 859 pro
568 780 632 858 ipsi
654 781 793 858 scriptum
817 780 1060 840 animadverterit.

62 864 205 938 Quotiens
225 873 318 924 autem
338 882 391 942 per
407 873 492 925 notas
508 863 624 941 scribit,
645 863 668 922 B
684 882 737 942 pro
752 864 794 941 Α,
811 862 833 924 (l
850 881 903 942 pro
918 862 941 921 B
958 881 993 921 ac
1009 864 1059 923 de·

61 949 165 1026 inceps
186 947 285 1007 eadem
307 949 419 1008 ratione
439 949 589 1027 sequentis
606 948 719 1008 litteras
738 950 832 1026 pouit;
856 965 909 1025 pro
925 946 952 1006 X
968 956 1061 1006 autem

61 1031 170 1109 duplex
185 1030 221 1089 Α.

19 1124 50 1166 1⁰
120 1114 165 1174 Ne
182 1114 355 1175 Graecarum
378 1116 494 1193 quidem
512 1116 728 1194 disciplinarum
744 1116 858 1175 leviore
875 1114 969 1174 studio
984 1116 1104 1172 tene-89

61 1199 152 1259 batur.
172 1198 204 1258 ln
219 1200 321 1277 quibus
337 1207 366 1259 et
379 1200 452 1278 ipsis
467 1199 635 1279 praestabat
647 1199 776 1277 largiter,
793 1200 932 1276 magistro
950 1196 1064 1256 dicendi

61 1302 129 1343 usus
147 1282 333 1361 Apollodorq
348 1282 545 1361 Pergameno,
562 1303 647 1363 quem
665 1285 719 1344 iam
730 1283 874 1364 grandem
890 1291 956 1341 natu
972 1279 1063 1359 dpol·

61 1368 169 1428 leniam
189 1383 305 1445 quoque
328 1385 427 1426 secum
445 1367 481 1426 ab
500 1368 572 1428 urbe
594 1369 707 1428 iuvenis
725 1367 817 1427 adbuc
834 1367 991 1442 eduxerat,
1015 1364 1062 1423 de·

62 1450 131 1510 inde
147 1448 306 1509 eruditione
321 1450 406 1509 etiam
420 1453 500 1510 varia
515 1451 645 1529 repletus
661 1470 715 1530 per
726 1450 797 1527 Arei
813 1449 978 1529 philosophi
991 1448 1063 1509 lulio·

27 1548 55 1589 rs
64 1551 185 1611 rumque
207 1534 270 1594 eius
285 1534 406 1610 Dionysi
428 1542 457 1593 et
471 1533 625 1596 Nicanoris
643 1536 873 1603 contubernium;
895 1542 1064 1594 nontamen

63 1628 93 1678 ut
115 1627 162 1676 aut
183 1617 354 1696 loqueretur
373 1618 511 1696 expedite
533 1629 581 1679 aut
604 1630 781 1698 componere
801 1619 908 1696 aliquid
929 1617 1063 1686 auderet;

62 1721 126 1761 nam
148 1709 177 1759 et
200 1702 223 1760 si
245 1702 311 1780 quid
332 1720 381 1762 res
396 1703 546 1780 erigeret,
567 1703 666 1764 Latine
681 1703 824 1764 formabat
839 1703 1065 1779 uertendumque

63 1787 110 1846 alii
125 1784 219 1845 dabat.
251 1786 310 1845 Sed
325 1785 411 1865 plane
427 1796 588 1864 poematum
603 1806 719 1868 quoque
739 1807 795 1849 non
808 1789 967 1866 imperitus,
986 1784 1063 1845 dele·

63 1871 193 1930 ctabatur
205 1872 289 1930 etiam
303 1871 453 1931 comoedia
467 1875 558 1932 veteri
577 1880 606 1932 et
618 1890 709 1952 saepe
727 1892 789 1933 eam
803 1872 930 1932 exhibuit
950 1878 1063 1949 specta·

24 1954 136 2014 coculis
159 1953 292 2033 publicis.
329 1955 361 2015 ln
388 1954 559 2015 evolvendis
584 1958 732 2037 utriusque
757 1958 873 2034 linguae
898 1954 1065 2016 auctoribus

61 2039 132 2098 nihil
147 2055 241 2116 aeque
257 2039 437 2115 sectabatur,
462 2057 546 2117 quam
569 2050 727 2119 praecepta
748 2051 776 2101 et
799 2040 933 2119 exempla
949 2038 1065 2119 publice

62 2121 111 2181 vel
130 2123 262 2200 privatim
281 2122 417 2198 salubria,
435 2140 533 2201 eaque
550 2124 585 2185 ad
608 2125 726 2186 verbum
739 2134 878 2204 excerpta
897 2134 943 2183 aut
962 2122 997 2184 ad
1015 2123 1065 2183 do-

62 2206 200 2265 mesticos
224 2215 271 2266 aut
286 2206 322 2268 ad
340 2208 517 2268 exercituum
530 2211 799 2288 provinciarumque
817 2217 952 2268 rectores
971 2206 1067 2267 autad

63 2290 142 2351 urbis
162 2292 346 2367 magistratus
367 2294 537 2370 plerumque
557 2293 701 2372 mittebat,
731 2304 816 2372 prout
844 2294 950 2371 quique
976 2292 1065 2350 moui·

26 2392 53 2433 aa
63 2377 140 2435 tione
164 2374 336 2450 indigerent.
370 2376 464 2438 Etiam
485 2376 576 2437 libros
599 2387 676 2440 totos
703 2387 731 2437 et
751 2379 862 2438 senatui
882 2375 1015 2434 recitavit
1039 2382 1067 2431 et

63 2457 173 2538 populo
188 2467 275 2520 notos
289 2478 342 2539 per
358 2459 481 2522 edictum
497 2479 587 2540 saepe
602 2463 682 2539 lecit,
699 2472 729 2522 ut
747 2463 895 2523 crationes
913 2456 947 2529 Q.
957 2457 1066 2519 Metelli

62 2543 101 2603 dc
112 2543 204 2621 prote
219 2545 363 2624 uupeada
381 2552 409 2606 et
422 2544 511 2606 Rutili
527 2545 566 2605 de
579 2546 669 2608 modo
686 2545 917 2624 aedificiorum,
936 2560 992 2622 quo
1009 2560 1066 2600 ma·

49 2630 107 2706 gis
127 2629 317 2706 persuaderet
337 2639 487 2708 utramque
507 2648 568 2690 rem
592 2650 649 2692 non
673 2630 708 2690 ab
731 2648 763 2689 se
778 2628 871 2708 primo
888 2626 1067 2689 animadver-

62 2731 137 2787 sum,
160 2712 212 2773 sed
228 2716 350 2793 antiquis
365 2715 420 2774 iam
436 2721 502 2774 tuuc
518 2733 605 2774 curae
620 2715 718 2775 luisse.

27 2817 53 2858 ac
125 2795 245 2874 ingenia
262 2798 371 2859 saeculi
388 2799 432 2858 sui
446 2798 577 2857 omnibus
593 2799 686 2858 modis
703 2799 791 2867 iovit;
808 2798 955 2858 recitantis
973 2805 1002 2872 et
1017 2795 1066 2854 be

63 2881 151 2958 nigue
168 2889 196 2940 et
210 2885 353 2960 patienter
367 2882 462 2958 audiit,
478 2900 535 2942 nec
550 2891 657 2943 tantum
674 2883 799 2942 carmina
811 2891 840 2941 et
852 2881 999 2956 historias,
1016 2878 1068 2938 sed
1130 2889 1135 2895 '

64 2973 93 3024 et
119 2966 265 3024 orationes
288 2975 317 3027 et
338 2965 481 3044 dialogos.
512 2965 655 3045 componi
673 2975 767 3026 tamen
782 2964 890 3043 aliquid
907 2965 943 3026 de
962 2983 994 3024 se
1016 2962 1069 3020 uisi

64 3057 93 3109 et
121 3048 200 3107 serio
227 3058 255 3109 et
279 3067 296 3110 a
322 3052 589 3130 pmestautissimis,
616 3049 817 3111 offendebatur
838 3048 1068 3122 admonebatque

64 3141 236 3212 praetores,
260 3153 298 3194 ne
313 3144 480 3214 paterentur
495 3153 601 3195 nomen
617 3153 698 3194 suum
715 3133 966 3195 commissionibus
981 3128 1067 3189 obsc-

27 3218 166 3278 salelieri.

105 3299 191 3363 Circa
220 3304 381 3381 religiones
407 3305 493 3365 talem
521 3305 698 3383 accepimus.
735 3302 870 3363 Tonitrua
900 3308 929 3358 et
954 3296 1112 3373 lulgura90

63 3383 150 3464 paulo
172 3387 310 3449 inlirmius
331 3388 566 3466 expavescebat,
589 3398 618 3448 ut
642 3405 758 3467 semper
780 3395 808 3445 et
830 3384 936 3461 ubique
962 3380 1068 3461 pellem

63 3469 144 3530 vituli
158 3474 259 3534 murini
277 3472 477 3535 circumferret
496 3489 550 3553 pro
565 3473 712 3550 remedio,
728 3480 814 3548 atque
831 3468 867 3528 ad
884 3485 996 3528 omnem
1011 3484 1068 3527 ma-
