2286 3862
399 189 505 237 muns
526 188 717 238 unuusuus.
1017 179 1057 241 39

50 362 193 426 proavum
213 342 389 424 exprobrat,
411 345 570 406 restionem
592 363 608 406 e
630 362 709 425 pago
728 344 873 423 Thurino,
903 362 986 405 avum
1013 363 1057 405 ar-

49 431 222 508 gentarium.
255 427 319 488 Nec
340 428 491 506 quicquam
505 429 580 491 ultra
601 427 637 489 de
653 431 781 509 paternis
800 428 924 507 Augusti
943 430 1056 490 maiori·

51 515 106 574 bus
120 514 249 594 repperi.

115 598 148 659 G.
165 598 303 658 Octauius
322 605 406 676 pater
428 614 445 658 a
463 598 608 678 principio
628 599 731 659 aetatis
750 607 781 658 et
799 617 832 659 re
856 606 886 658 ct
912 599 1083 661 existima-3

10 685 131 761 ,stione
145 701 251 759 magna
265 682 334 758 luit,
357 689 388 740 ut
403 681 537 761 equidem
551 683 640 742 mirer
655 681 731 742 hunc
748 700 865 763 quoque
880 701 896 744 a
910 682 1057 744 nonnullis

50 768 248 846 argentarium
267 774 353 845 atque
374 765 460 826 etiam
478 767 554 826 inter
580 766 725 827 divisores
753 785 920 848 operasque
942 785 1056 849 campe

51 854 120 912 stris
142 850 302 930 proditum
330 850 433 930 amplis
453 850 529 910 euim
549 851 701 910 innutritus
728 852 849 931 opibus,
878 852 1007 914 honores
1028 860 1058 913 et

50 935 174 1014 adeptus
204 943 249 994 est
276 935 364 995 facile
393 944 423 994 et
452 936 577 1013 egregie
603 932 819 996 administravit.
855 936 902 996 Ex
922 945 1058 1018 praetura

49 1019 250 1081 Macedoniam
270 1020 405 1096 sortitus,
435 1019 592 1096 fugitivos,
610 1017 761 1080 ‘residuam
784 1019 916 1100 Spartaci
936 1031 965 1081 et
982 1020 1058 1082 Gati-

13 1105 126 1167 aolinae
148 1121 276 1181 manum,
298 1102 455 1165 Thurinum
476 1121 577 1182 agrum
597 1106 738 1183 tenentis,
762 1106 791 1163 in
811 1105 915 1164 itinere
939 1104 1058 1181 delevit,

49 1191 171 1267 negotio
186 1189 240 1248 sibi
255 1190 284 1248 iu
299 1198 400 1250 senatu
417 1198 500 1250 entra
521 1189 651 1249 ordinem
671 1187 748 1249 dato.
782 1189 958 1250 Provinciae
975 1207 1058 1269 prac-

48 1275 104 1335 luit
119 1291 177 1334 non
195 1275 307 1333 minore
324 1275 430 1334 iustitia
445 1292 529 1353 quam
544 1273 729 1345 fortitudine;
752 1291 876 1354 namque
897 1273 998 1334 Bessis
1024 1291 1060 1335 ac

50 1357 212 1419 Thracibus
230 1374 336 1434 magno
350 1357 467 1436 proelio
489 1358 579 1434 lusis,
600 1359 641 1418 ita
658 1361 759 1418 socios
774 1360 926 1437 tractauit,
950 1369 981 1420 ut
997 1359 1058 1440 epi·

10 1492 13 1499 .
51 1440 146 1501 stolae
161 1441 199 1500 ll.
218 1439 372 1500 Ciceronis
391 1449 493 1499 extent
513 1441 618 1520 quibus
639 1442 774 1515 Quintum
792 1442 930 1520 fratrem,
955 1442 1059 1503 eodem

10 1522 185 1603 {sstempore
200 1541 301 1603 parum
322 1523 451 1584 secunda
471 1523 546 1583 lama
566 1525 806 1603 proconsulatum
830 1523 921 1585 Asiae
942 1525 1058 1585 admini-

10 1609 12 1616 ’
50 1618 204 1686 stramem,
226 1607 358 1670 hortatur
371 1616 400 1669 et
420 1616 536 1685 monet,
559 1609 685 1668 imitetur
701 1609 730 1668 in
746 1608 949 1689 promerendis
969 1610 1059 1670 sociis

49 1697 175 1756 vicinum
196 1711 277 1754 suum
300 1692 460 1755 Octavium.
496 1692 653 1753 Decedens
667 1692 857 1770 llacedonia,
878 1694 959 1773 prius
975 1699 1084 1773 quama

48 1779 181 1861 profiteri
197 1797 230 1839 se
246 1778 426 1841 candidatum
442 1779 610 1839 consulatus
631 1787 752 1858 posset,
776 1787 899 1838 mortem
918 1777 991 1839 obiit
1013 1797 1058 1839 rc-

49 1866 213 1946 pentinam,
239 1864 445 1944 superstitibus
473 1864 575 1924 liberis
604 1863 725 1924 Octavia
753 1863 879 1940 maiore,
909 1881 993 1943 quam
1021 1881 1059 1923 en

10 1975 39 2018 20
49 1949 213 2025 Ancharia,
237 1957 267 2008 ct
288 1948 409 2009 Octauia
430 1950 542 2010 minore
562 1950 631 2009 item
651 1947 804 2025 Augusto,
835 1966 909 2028 quos
929 1967 967 2010 ex
991 1946 1060 2009 Atia

48 2033 166 2094 tulerat.
189 2032 257 2093 Atia
271 2034 309 2093 ll.
327 2033 396 2094 Atio
411 2033 503 2094 Balbo
520 2042 550 2094 et
562 2033 646 2108 Iulia,
669 2049 774 2093 sorore
789 2030 823 2093 G.
841 2031 989 2111 Caesaris,
1007 2050 1058 2110 ge·

49 2120 109 2176 uita
128 2126 182 2177 est.
218 2116 341 2194 Balbus,
370 2127 491 2197 paterna
512 2120 603 2197 stirpe
620 2118 768 2195 Aricinus,
792 2118 887 2178 multis
906 2120 935 2177 in
950 2116 1060 2180 familia

48 2202 207 2262 senatoriis
222 2201 413 2280 imaginibus,
437 2221 453 2262 a
471 2212 563 2264 matre
577 2202 713 2280 Magnum
727 2202 896 2281 Pompeium
914 2204 1059 2263 artissimo

50 2285 241 2364 contingebat
256 2286 349 2365 gradu
365 2287 539 2367 iunctusque
552 2286 666 2346 honore
682 2296 837 2367 praeturae
853 2288 929 2346 inter
943 2287 1059 2364 viginti·

11 2394 37 2437 an
48 2372 132 2432 viros
149 2390 249 2449 agrum
265 2369 440 2452 Campanum
455 2371 535 2453 plebi
553 2371 625 2432 Iulia
640 2371 710 2451 lege
726 2371 835 2432 divisit.
859 2371 970 2432 Verum
985 2367 1061 2430 idem

48 2456 211 2535 Antonius,
247 2456 414 2536 despiciens
442 2458 528 2517 etiam
557 2466 716 2518 maternam
746 2455 872 2534 Augusti
906 2456 1060 2533 originem,

48 2542 191 2621 picarum
207 2543 269 2601 eius
283 2541 349 2603 Afri
370 2544 489 2620 generis
510 2542 602 2602 luisse
625 2549 654 2601 et
671 2541 759 2603 modo
781 2541 999 2618 unguentariam
1020 2547 1061 2601 ta·

46 2625 168 2686 bernam
189 2626 277 2687 modo
297 2628 447 2706 pistrinum
468 2626 586 2688 Ariciae
611 2628 782 2687 exercuisse
803 2624 903 2686 obicit.
943 2624 1061 2686 Cassius

48 2709 164 2790 quidem
184 2711 348 2773 Parmensis
371 2711 492 2792 quadam
518 2710 646 2792 epistola
670 2728 729 2770 uon
749 2720 856 2772 tantum
877 2718 908 2769 ut
928 2710 1059 2791 pistoris,

11 2795 103 2860 sosed
133 2797 219 2856 etiam
253 2805 283 2857 ut
318 2797 486 2859 nummulari
519 2805 658 2877 nepotem
694 2797 738 2856 sic
774 2803 853 2857 tanat
880 2793 1059 2872 Augustum:

47 2877 195 2940 blaternas
214 2880 272 2942 tibi
293 2880 438 2960 famenot
469 2900 509 2944 ec
535 2879 723 2944 crudissimo
749 2877 880 2942 Ariciae
907 2878 1060 2958 pistrino:

47 2962 132 3024 hooc
164 2964 256 3041 flacit
281 2965 427 3028 monibus
454 2966 576 3047 collybo
611 2964 805 3026 decoloratis
837 2960 1062 3026 hebioneus

46 3065 235 3110 measumam.

110 3131 201 3194 Natus
231 3143 276 3194 est
305 3133 454 3214 Augustus
488 3136 527 3197 m.
562 3135 659 3197 Tullio
690 3133 836 3196 Cicerone
867 3130 900 3192 G.
930 3131 1086 3199 Antonios

12 3239 36 3280 sn
50 3234 150 3278 conss.
171 3217 264 3280 Vllll.
286 3219 351 3280 Kal.
375 3220 499 3299 Octob,
528 3219 616 3301 paulo
647 3229 713 3281 aute
740 3219 814 3280 solis
837 3224 987 3294 exortum,
1014 3233 1060 3276 re·

48 3304 138 3379 gione
154 3303 261 3382 Palati,
285 3305 320 3366 ad
344 3303 447 3386 Capita
468 3305 593 3384 bubula,
617 3304 665 3364 ubi
686 3322 762 3365 nunc
788 3303 947 3365 sacrarium
960 3298 1102 3380 habet„²
1117 3366 1131 3381 „

48 3387 197 3467 aliquanto
217 3398 387 3470 postquam
409 3392 540 3452 excessit
564 3391 759 3451 constitutum.
797 3387 870 3449 Nam
890 3395 921 3446 ut
940 3392 1058 3446 senatus
1090 3448 1117 3469 Ι,

47 3473 122 3532 actis
146 3475 325 3556 continetur,
351 3494 415 3537 cum
437 3473 472 3537 G.
487 3476 654 3552 Laetorius,
677 3473 851 3535 adulescens
872 3470 986 3552 patricii
1004 3484 1057 3548 ge·
