2334 3870
147 70 165 103 Ο

103 186 142 248 78
187 197 382 246 c.suuuou1
397 195 526 256 numo.
541 196 590 242 nc
605 194 688 243 uma
707 194 894 245 cussanou
912 176 1036 250 msssn.

101 355 172 414 ioris
199 351 380 431 tempestatis
405 352 600 430 suspicionem
625 351 655 409 iu
675 348 803 420 abditum
822 369 854 412 et
872 368 1112 420 concamaratum

100 440 198 500 locum
224 456 257 497 se
278 436 442 514 reciperet,
466 443 667 496 consternatus
690 433 759 495 olim
782 452 834 514 per
850 445 1027 500 nocturnum
1054 445 1113 504 iter

102 534 270 583 transcursu
285 520 425 597 fulguris,
442 529 472 579 ut
488 518 692 598 praediximus.
939 558 943 563 -

57 625 91 680 91
167 606 284 668 Somnia
304 622 400 682 neque
423 623 475 664 sua
493 621 589 681 neque
610 602 704 663 aliena
719 603 757 663 dc
772 621 806 663 se
821 603 1006 684 neglegebat.
1038 610 1108 670 Plri-

101 692 229 771 lippcnsi
249 691 312 749 acie
329 690 459 766 quamuis
476 689 625 749 statuisset
641 707 699 749 uon
714 686 818 765 egredi
832 688 1016 752 tabernaculo
1034 709 1128 772 pro-n

101 787 168 857 pter
182 773 383 850 valitudinem,
408 791 549 850 egressus
566 781 719 833 esttamen
735 773 821 832 amici
838 775 950 835 somnio
964 778 1105 845 monitus:
1126 829 1130 837 .

102 859 249 937 cessitque
271 875 321 916 res
343 874 505 937 prospere,
531 856 646 936 quando
667 858 760 934 captis
781 859 886 917 castris
903 859 1012 920 lectica
1035 862 1109 939 eius,

101 943 184 1026 quasi
207 942 245 1001 ibi
263 940 372 1001 cubans
386 943 586 1018 remansisset,
610 960 754 1002 concursu
768 941 895 1003 bostium
910 945 1051 1005 confossa
1069 955 1109 1005 at-

101 1047 158 1109 que
172 1026 303 1087 lacerata
318 1034 372 1085 est.
394 1026 463 1105 lpse
479 1044 533 1104 per
546 1043 630 1085 omne
646 1044 700 1084 ver
714 1025 836 1104 plurima
853 1035 884 1086 et
895 1027 1105 1089 formidulosis-

100 1115 172 1173 sima
197 1120 225 1170 et
250 1128 322 1170 naua
351 1119 380 1168 et
404 1111 482 1169 irrita
502 1108 633 1185 videbat,
654 1109 769 1187 reliquo
790 1119 926 1189 tempore
944 1115 1054 1175 rariora
1076 1121 1140 1172 etse

99 1199 191 1258 miuus
203 1213 287 1253 rana.
320 1191 390 1252 Cum
407 1193 567 1252 dedicatam
582 1194 610 1251 iu
627 1191 774 1271 Capitolio
791 1193 895 1254 aedem
910 1195 1109 1257 'l'ouautilovi

99 1279 214 1342 assidue
240 1279 453 1356 frequentaret,
481 1278 651 1355 somniavit,
679 1279 762 1356 queri
788 1277 983 1358 Capitolinum
1008 1281 1109 1342 lovem

101 1365 230 1426 cultores
246 1362 301 1421 sibi
319 1360 439 1438 abduci,
456 1380 548 1441 seque
563 1361 773 1441 respondisse,
790 1362 952 1425 Tonantem
967 1384 1024 1445 pro
1038 1367 1109 1426 iani·

99 1461 164 1510 tore
183 1448 211 1507 ei
226 1447 404 1527 appositum;
428 1447 555 1527 ideoque
570 1465 639 1507 mox
654 1446 848 1508 tintinnabulis
863 1449 1013 1527 fastigium
1029 1450 1110 1511 aedis

100 1533 238 1611 redimiit,
256 1531 333 1612 quod
352 1550 387 1592 ea
402 1533 466 1593 lere
481 1534 573 1593 ianuis
588 1531 799 1611 dependebant.
822 1531 869 1593 Ex
884 1543 1030 1596 nocturno
1045 1537 1109 1596 visu
1120 1553 1142 1594 u

101 1621 186 1680 etiam
201 1620 305 1698 stipem
322 1626 391 1697 quot
407 1619 487 1677 aunis
501 1617 547 1677 die
564 1627 645 1678 certo
662 1616 862 1677 emendicabat
877 1635 894 1678 a
909 1618 1039 1698 populo,
1063 1638 1109 1681 ca-

100 1723 165 1765 vam
181 1721 293 1763 manum
311 1719 394 1762 asses
413 1701 631 1778 porrigentibus
647 1700 803 1779 praebens.

58 1802 92 1856 92
161 1787 302 1864 Auspicia
325 1794 354 1844 et
373 1785 467 1845 omina
485 1785 624 1863 quaedam
646 1803 701 1864 pro
725 1787 895 1846 certissimis
910 1786 1108 1849 observabat:

101 1875 125 1934 si
148 1889 231 1931 manc
251 1869 304 1928 sibi
330 1868 447 1928 calceus
467 1887 621 1947 perperam
639 1887 674 1928 ac
691 1871 808 1929 sinister
829 1889 884 1949 pro
902 1870 1008 1932 dextro
1027 1871 1108 1932 indu-

102 1964 232 2028 ceretur,
247 1962 277 2012 ut
293 1952 397 2021 dirum;
414 1952 440 2010 si
455 1960 532 2013 terra
547 1954 656 2013 marive
670 1954 852 2030 ingrediente
870 1974 903 2015 se
918 1955 1140 2036 longinquamno

101 2037 313 2119 profectionem
327 2036 405 2097 lorte
421 2046 568 2113 rorasset,
583 2047 613 2097 ut
628 2038 732 2098 laetum
747 2041 907 2119 maturique
922 2049 953 2100 et
968 2043 1107 2120 prosperi

99 2122 218 2184 reditus.
252 2122 310 2182 Sed
326 2131 355 2181 et
371 2123 492 2182 ostentis
507 2124 666 2202 praecipue
680 2123 860 2184 movebatur.
894 2124 1016 2185 Euatam
1030 2127 1108 2186 iuter

99 2211 244 2268 iuncturas
265 2207 391 2286 lapidum
411 2216 477 2268 aute
495 2207 609 2268 domum
624 2226 703 2268 suam
720 2209 844 2288 palmam
862 2210 891 2269 iu
909 2210 1107 2289 complurium

99 2293 219 2353 deorum
235 2292 383 2353 Penatium
403 2292 560 2371 transtulit,
582 2302 670 2373 utque
688 2292 873 2353 coalesceret
888 2311 994 2372 magno
1011 2311 1107 2374 opere

100 2378 220 2437 curavit.
256 2376 343 2456 Apud
364 2378 485 2439 insulam
509 2377 638 2458 Capreas
659 2381 833 2437 veterrimae
857 2379 934 2438 ilicis
957 2377 1140 2440 demissosns

99 2465 153 2522 iam
171 2461 207 2521 ad
227 2472 333 2523 terram
349 2463 570 2541 languentisque
584 2480 680 2522 ramos
698 2462 882 2523 convaluisse
897 2461 1023 2524 adventu
1037 2482 1105 2541 suo,

99 2546 173 2607 adeo
189 2546 312 2607 laetatus
329 2556 384 2623 est,
401 2556 430 2607 ut
446 2564 497 2608 eas
513 2565 575 2606 cum
591 2564 624 2606 re
641 2565 669 2626 p.
685 2546 944 2626 Neapolitanorum
958 2557 1105 2628 permuta·

98 2632 182 2706 verit,
200 2629 327 2691 Aenaria
342 2632 416 2691 data.
448 2630 631 2692 Observabat
646 2640 675 2691 et
690 2630 752 2690 dies
767 2631 916 2710 quosdam,
932 2650 969 2692 ue
986 2641 1036 2693 aut
1051 2650 1105 2714 po·

99 2714 198 2776 stridis
211 2716 350 2775 nundinas
366 2733 509 2795 quoquam
522 2716 770 2795 proficisceretur,
787 2724 834 2776 aut
844 2717 871 2778 N
873 2718 937 2777 onis
949 2718 1105 2798 quicquam

98 2800 142 2860 rei
162 2801 256 2859 seriae
278 2800 445 2870 inchoaret;
469 2800 539 2860 nihil
557 2802 586 2859 in
603 2800 660 2860 hoc
676 2800 790 2878 quidem
807 2799 884 2861 aliud
898 2800 1047 2879 devitans,
1074 2811 1139 2869 uteo

99 2884 135 2946 ad
151 2883 295 2945 'liberium
312 2885 427 2962 scribit,
444 2902 528 2964 quam
544 2881 739 2964 δυσφημίαν
752 2886 884 2945 nominis.

57 2984 92 3038 93
163 2969 385 3046 Peregrinarum
400 2971 638 3031 caerimoniarum
654 2971 728 3029 sicut
743 2979 860 3031 veteres
878 2988 913 3032 ac
926 2981 1107 3050 praeceptas

100 3055 335 3115 reverentissime
355 3054 461 3131 coluit,
484 3056 523 3114 ita
545 3064 659 3114 ceteras
683 3056 859 3134 contemptui
878 3054 986 3116 babuit.
1016 3055 1105 3117 Nam·

100 3159 156 3219 que
180 3137 302 3199 Athenis
324 3140 466 3216 initiatos,
495 3157 560 3199 cum
583 3147 686 3219 postea
705 3138 816 3201 llomae
841 3157 895 3218 pro
915 3139 1051 3201 tribunali
1068 3140 1106 3201 de

100 3224 257 3302 priuilegio
280 3223 462 3284 sacerdotum
476 3224 592 3285 Atticae
608 3222 725 3284 Cereris
744 3232 942 3300 cognosceret
964 3233 994 3285 ct
1015 3243 1140 3304 quac-nu

100 3306 164 3367 dam
192 3312 351 3371 secretiora
376 3317 626 3387 proponerentur,
652 3307 770 3368 dimisso
796 3309 920 3367 consilio
940 3317 970 3368 et
992 3327 1105 3371 corona

100 3392 339 3455 circumstantium
369 3392 450 3454 solus
481 3393 570 3453 audiit
596 3394 801 3453 discertsutes.
848 3392 887 3451 At
915 3401 1018 3454 contra
1044 3412 1106 3455 nou

99 3475 178 3532 mode
216 3498 226 3536 p
257 3477 436 3540 nepam-„palu
461 3476 586 3536 dnqvntae
628 3477 700 3524 sunl..
738 3473 878 3520 ,altanum
910 3477 936 3524 ul
951 3476 1106 3539 *algendum
