2334 3870
97 168 160 231 212
182 178 212 228 c.
229 176 379 227 suenoni
391 175 520 235 nanno.
534 173 677 223 nuvrun
689 173 875 224 cassanum
884 176 959 225 nnn.
971 178 1036 228 vn.
1089 128 1103 145 ⁶

69 359 88 418 7
162 334 238 394 Dein
249 341 391 410 vergente
405 333 461 391 iam
473 330 518 391 die
530 331 681 408 ingressus
696 339 840 409 senatum,
849 333 1009 411 positaque
1022 335 1109 397 brevi

97 420 211 480 mtione
225 418 308 496 quasi
320 425 421 495 raptus
434 414 471 475 de
483 413 601 495 publico
614 424 643 475 et
656 415 811 493 suscipere
820 416 968 495 imperium
984 420 1017 478 vi
1037 438 1107 482 coa·

99 512 163 564 ctus
179 511 375 581 gesturusque
394 501 537 561 communi
554 500 678 560 omnium
696 498 836 578 arbitrio,
851 498 990 561 Palatium
1014 508 1105 582 petit.

99 587 145 647 Ac
157 605 247 666 super
260 595 374 647 ceteras
385 584 589 662 gratulantium
601 583 836 663 adulantiumque
845 582 991 646 blanditias
1005 585 1043 646 ab
1056 589 1102 647 in·

100 673 166 733 lima
179 671 269 751 plebe
281 669 446 749 appellatus
458 667 555 746 Nero,
568 668 675 728 nullum
689 667 828 729 indicium
838 672 994 730 recusantis
1004 669 1097 747 dedit,
1110 684 1124 721 ⁵

100 760 205 832 immo,
221 765 250 815 ut
266 753 380 833 quidam
401 751 594 830 tradiderunt,
616 755 701 812 etiam
718 751 927 832 diplomatibus
943 755 1095 834 primisque

101 839 234 920 epistulis
252 840 312 897 suis
324 837 361 899 ad
374 836 515 916 quosdam
528 838 741 917 provinciarum
753 837 908 916 praesides
918 836 1043 899 Neronis
1052 857 1099 899 co·

100 940 226 1002 gnomen
239 922 356 983 adiecit.
379 920 466 983 Certe
479 931 509 982 et
519 924 661 1001 imagines
669 930 837 1002 statuasque
847 925 911 983 eius
921 924 1028 1002 reponi
1040 941 1104 1003 pas·

100 1025 151 1068 sus
167 1015 213 1067 est
225 1016 254 1067 et
271 1017 479 1087 procuratores
492 1015 577 1086 atque
593 1007 715 1068 libertos
731 1005 767 1067 ad
784 1005 888 1067 eadem
906 1007 1008 1069 cilicia
1021 1025 1106 1069 revo-

102 1093 189 1169 cavit,
201 1110 256 1151 nec
269 1093 421 1171 quicquam
434 1092 513 1169 prius
526 1108 580 1168 pro
593 1099 740 1168 potestate
748 1089 1019 1171 subscripsitquam
1026 1094 1106 1172 quiu-
1117 1103 1140 1144 1⁰

101 1177 216 1254 gentico
228 1177 394 1234 sestertium
408 1174 444 1233 ad
457 1173 654 1252 peragendam
665 1174 794 1235 Auream
805 1175 929 1236 domum.

160 1257 273 1318 Dicitur
289 1277 324 1318 ea
337 1267 424 1318 nocte
436 1276 490 1337 per
503 1261 629 1337 quietem
641 1260 813 1338 pavefactus
825 1261 951 1338 gemitus
965 1261 1108 1320 maximos

101 1341 246 1418 edidisse,
262 1351 456 1423 repertusque
470 1361 487 1403 a
503 1343 743 1404 concursantibus
760 1343 838 1404 humi
854 1353 921 1404 ante
939 1344 1051 1406 lectum
1068 1346 1106 1404 ia·

102 1445 189 1503 cens,
204 1444 257 1506 per
269 1429 365 1487 omnia
377 1428 558 1506 piaculorum
569 1446 679 1507 genera
691 1429 792 1490 llaues
804 1427 930 1506 Galbae,
947 1448 965 1490 a
986 1446 1045 1509 quo
1059 1429 1105 1489 de·

101 1511 210 1574 turbari
223 1511 393 1592 expellique
408 1531 441 1574 se
452 1513 580 1591 viderat,
599 1514 757 1593 propitiare
771 1521 946 1593 temptasse3
963 1512 1105 1594 postridie
1113 1521 1133 1562 1⁵

103 1614 220 1676 quoque
232 1597 261 1656 in
273 1596 441 1674 augurando
449 1606 620 1679 tempestate
629 1607 692 1657 orta
703 1598 833 1674 graviter
841 1597 1013 1678 prolapsum
1025 1597 1105 1658 ideu-

101 1679 190 1740 tidem
201 1680 452 1742 obmurmurasse:

214 1764 256 1826 Τί
267 1756 331 1845 γάρ
342 1785 399 1844 μοι
411 1759 467 1826 καὶ
478 1771 618 1845 μακροῖς
629 1755 764 1841 αὐλοϊς;

73 1866 92 1921 8
163 1849 222 1909 Sub
240 1849 316 1908 idem
334 1867 406 1909 vero
422 1859 535 1929 tempus
556 1848 767 1910 Germaniciani
784 1850 932 1910 exercitus
953 1851 983 1910 in
1002 1850 1105 1912 Vitelli

102 1933 194 1995 verba
206 1936 341 1994 iurarant.
380 1932 464 2006 Quod
477 1942 506 1993 ut
518 1935 670 2012 comperit,
683 1943 786 1994 auctor
797 1935 910 1995 senatui
920 1934 976 1995 luit
990 1934 1104 1996 mitten·
1113 1953 1135 1994 ao

103 2017 158 2079 dae
172 2019 339 2096 legationis,
354 2036 428 2097 quae
441 2017 562 2078 doceret
574 2018 699 2078 electum
714 2020 770 2078 iam
782 2019 961 2099 principem,
976 2019 1106 2100 quietem

103 2112 132 2163 et
151 2102 337 2164 concordiam
350 2101 486 2163 suaderet
493 2126 500 2173 ;
524 2112 553 2162 et
565 2112 660 2164 tamen
672 2122 725 2182 per
740 2104 930 2164 internuntios
942 2121 979 2164 ac
991 2104 1105 2165 litteras

104 2197 270 2249 consortem
282 2188 395 2268 imperii
403 2205 602 2267 generumque
609 2207 642 2248 se
648 2186 769 2248 Vitellio
778 2187 891 2266 optulit.
908 2189 1019 2249 Verum
1028 2187 1105 2249 baud

103 2273 191 2333 dubio
205 2271 297 2349 bello,
309 2275 423 2351 iamque
436 2272 557 2333 ducibus
570 2282 598 2332 et
610 2273 703 2351 copiis
717 2271 930 2352 quasVitellius
943 2272 1104 2352 praemise-

102 2367 147 2418 rat
159 2357 468 2438 appropinquantibus,
481 2359 602 2418 auimum
614 2356 757 2435 iidemque
771 2375 842 2434 erga
854 2375 886 2416 se
903 2357 1104 2436 praetoriano·
1113 2375 1137 2417 aa

102 2461 164 2503 rum
177 2460 272 2521 paene
285 2443 483 2502 internecione
497 2441 664 2520 amplissimi
677 2441 786 2501 ordinis
800 2450 940 2520 expertus
951 2450 1008 2502 est.
1039 2441 1104 2504 Pla-

103 2535 204 2585 cuerat
217 2543 271 2603 per
288 2525 455 2585 classiarios
470 2543 550 2585 arma
567 2524 716 2585 transferri
732 2527 896 2605 remittique
908 2525 1050 2597 navibus3
1070 2545 1105 2588 ea

103 2626 168 2667 cum
180 2610 208 2666 in
225 2609 328 2668 castris
342 2607 395 2667 sub
408 2618 524 2668 noctem
532 2617 741 2688 promerentur,
753 2609 873 2670 iusidias
885 2609 1104 2691 quidamsuspi·

103 2691 158 2750 cati
171 2691 320 2751 tumultum
333 2693 548 2763 excitaverunt;
563 2711 598 2752 ac
608 2702 731 2770 repente
740 2694 1105 2758 omnesnullocertoduoe

102 2776 131 2833 in
144 2772 283 2833 Palatium
301 2785 491 2835 cucurrerunt
512 2775 631 2836 caedem
641 2787 759 2837 senatus
771 2777 947 2858 flagitantes,
959 2779 1102 2859 repulsis·
1113 2801 1137 2844 ao

103 2877 158 2939 que
171 2857 359 2938 tribunorum,
375 2861 422 2939 qui
433 2858 563 2919 inhibere
575 2861 764 2941 temptabant,
778 2862 923 2923 nonnullis
937 2872 967 2924 et
982 2867 1104 2945 occisis,

104 2947 147 3005 sic
157 2951 188 3003 ut
200 2952 280 3003 erant
296 2947 419 3023 cruenti,
430 2943 544 3004 ubinam
560 2946 718 3024 imperator
735 2956 815 3008 esset
830 2950 1024 3028 requirentes,
1035 2968 1103 3030 pcr-

104 3036 242 3111 ruperunt
252 3029 281 3088 in
293 3031 449 3090 triclinium
460 3049 565 3110 usque,
577 3049 634 3090 nec
644 3033 700 3092 nisi
712 3034 777 3095 viso
789 3033 973 3094 destiterunt.

169 3113 392 3193 Expeditionem
404 3125 499 3176 autern
510 3118 626 3196 inpigre
639 3126 724 3197 atque
738 3119 823 3178 etiarn
840 3135 1042 3199 praepropere
1060 3119 1103 3179 in·

106 3200 232 3278 cboavit,
244 3199 367 3260 nullane
380 3199 555 3277 religionum
567 3201 681 3282 quidem
693 3221 772 3280 cura,
785 3203 837 3263 sed
850 3201 1104 3265 etmotisnecdum
1112 3223 1136 3267 aa

106 3284 229 3344 conditis
244 3285 395 3363 ancilibus,
409 3285 503 3365 (quod
517 3287 671 3366 antiquitus
685 3287 839 3347 infaustum
849 3287 988 3366 babetur)
1002 3295 1033 3348 et
1042 3287 1103 3365 die,

105 3369 558 3447 quocultoresdeumlllatrislam
562 3379 643 3416 rrrrr
645 3372 689 3431 iet
698 3371 1102 3454 plangereiucipiunt3prae·

105 3461 178 3512 *urps
200 3454 407 3504 aduersissimis
420 3455 501 3504 arasn‘
511 3473 548 3500 u„
600 3471 604 3495 ι
646 3491 660 3500 ..
675 3465 701 3500 ιν·
724 3455 899 3508 -ἰ-*ἰπιρῐὶἰῑί
925 3457 994 3516 rgtpq’
1013 3472 1104 3520 mm
