2334 3870
500 173 604 223 unco.
988 164 1049 226 175

56 329 209 409 multiplex
223 346 325 408 penus,
338 336 468 387 tesserae
482 327 693 406 frumentariae,
710 327 811 404 vestis,
827 346 935 407 aurum,
947 347 1050 409 argen-

59 424 127 490 tum,
147 431 285 491 gemmae,
303 413 490 488 margaritae,
501 409 615 473 tabulam
630 412 737 490 pictae,
754 413 906 491 mancipia,
918 414 1050 494 iumenta,

59 507 144 576 atque
158 499 242 558 etiam
259 502 425 557 mansuetae
440 495 531 571 ferae,
548 497 703 556 novissime
718 514 823 572 naves,
841 495 962 575 insulae,
978 499 1051 576 agri.
1155 500 1157 503 ’

58 582 118 641 Hcs
133 581 216 642 ludos
233 580 378 658 spectavit
400 597 416 637 e
438 581 575 656 prosceni
596 580 724 658 fastigio.
767 581 905 656 Munere,
926 580 1003 659 quod
1024 582 1095 642 inlt

34 680 46 718 ὁ
59 665 269 744 amphitheatro
284 664 383 740 ligneo
400 662 521 739 regione
535 663 629 723 Martii
644 666 736 743 campi
752 665 825 725 intra
842 664 907 725 anni
930 664 1053 742 spatium

55 751 198 810 fabricato
214 746 301 821 dedit,
318 747 459 805 neminem
478 746 599 821 occidit,
617 765 653 806 ne
674 750 826 810 noxiorum
849 747 980 828 quidem;
1003 766 1053 808 ex·

54 833 147 892 hibuit
163 840 257 891 autem
269 829 304 889 ad
316 830 423 889 ferrum
436 832 522 891 etiam
535 829 759 907 quadringentos
771 841 922 893 senatores
934 850 1052 892 sescen-

57 927 161 993 tosque
177 914 289 993 equites
299 913 455 991 Romanos,
468 923 499 973 et
511 913 649 993 quosdam
663 913 795 975 fortunae
811 923 894 993 atque
909 917 1052 977 existima·

58 1001 144 1058 tionis
159 1000 300 1075 integrae,
320 1016 357 1056 ex
376 997 467 1057 isdem
483 997 633 1057 ordinibus
649 998 836 1058 confectores
853 1015 967 1077 quoqne
979 999 1053 1059 lera-

21 1100 44 1139 10
55 1101 117 1143 rum
134 1091 161 1141 et
177 1081 256 1142 varia
272 1081 397 1140 harenae
412 1082 585 1152 ministeria;
602 1082 732 1142 exhibuit
748 1091 777 1141 et
790 1082 984 1142 naumachiam
996 1099 1053 1141 ma·

53 1169 115 1227 rina
133 1184 216 1245 aqua,
233 1165 393 1225 innantibus
413 1164 522 1234 beluis;
547 1168 613 1225 item
636 1167 787 1245 pyrrichas
807 1166 943 1244 quasdam
964 1184 980 1224 e
1003 1184 1053 1225 nu-

10 1271 16 1284 ·
53 1268 134 1310 mero
154 1248 343 1328 epheborum,
360 1250 461 1326 quibus
476 1258 544 1328 post
561 1250 663 1311 editam
680 1268 799 1331 operam
816 1250 971 1331 diplomata
984 1249 1052 1310 civi·

52 1336 121 1394 tatis
136 1334 284 1392 Romanae
299 1331 419 1407 singulis
435 1332 548 1409 optulit.
579 1333 656 1392 Inter
672 1333 869 1410 pyrricharum
885 1343 1053 1410 argumenta

55 1427 155 1475 taurus
170 1411 341 1489 Pasiphaam
357 1413 456 1488 ligneo
472 1415 612 1473 iuvencae
629 1416 781 1474 simulacro
798 1416 922 1475 abditam
937 1418 1006 1492 iniit,
1023 1424 1055 1473 ut

17 1498 136 1558 1⁵multi
159 1496 349 1574 spectantium
373 1493 569 1563 crediderunt;
597 1493 695 1553 Icarus
717 1497 809 1573 primo
833 1499 926 1556 statim
950 1505 1054 1555 conatu

56 1586 135 1640 irrxta
154 1578 314 1638 cubiculum
327 1579 389 1638 eius
402 1577 508 1637 decidit
523 1577 671 1655 ipsumque
684 1594 788 1637 cruore
799 1579 950 1656 respersit,
981 1577 1054 1637 Nam

56 1680 178 1744 perraro
201 1662 378 1742 praesidere,
397 1670 523 1722 ceterum
542 1658 696 1738 accubans,
716 1661 813 1740 parvis
835 1664 956 1742 primum
977 1662 1053 1721 lora-

54 1748 188 1824 minibus,
207 1745 311 1806 deinde
327 1755 388 1806 toto
405 1746 493 1825 podio
510 1745 649 1824 adaperto
665 1752 981 1825 spectareccnsuerat.

119 1830 242 1891 Instituit
259 1839 287 1890 et
302 1831 515 1910 quinquennale
531 1838 677 1890 certamen
689 1831 797 1910 primus
810 1830 933 1890 omnium
943 1828 1054 1889 Romae

16 1934 137 1976 rumore
160 1914 274 1975 Graeco
299 1914 421 1993 triplex,
447 1917 585 1974 musicum
614 1916 777 1990 gymnicum
805 1921 959 1993 equestre,
977 1911 1054 1992 quod

55 1998 216 2078 appellavit
235 1997 378 2066 Neronia;
405 1997 603 2076 dedicatisque
635 1998 753 2057 thermis
779 2007 865 2076 atque
893 1999 1050 2075 gymnasio,

56 2083 167 2143 senatui
184 2099 298 2160 quoque
315 2091 343 2140 et
359 2083 447 2158 equiti
463 2082 557 2141 oleum
574 2081 714 2160 praebuit.
743 2080 900 2158 Magistros
912 2089 974 2142 toto
989 2100 1051 2142 cer-

56 2167 153 2227 tamioi
172 2166 340 2244 praeposuit
355 2164 524 2223 consulares
541 2174 630 2239 sorte,
647 2165 718 2224 sede
738 2175 912 2243 praetorum.
940 2165 1052 2224 Deinde

55 2252 84 2310 io
101 2249 280 2310 orchestram
296 2257 483 2327 senatumque
496 2247 655 2326 descendit,
674 2258 702 2308 et
717 2249 854 2308 orationis
866 2249 981 2328 quidem
992 2266 1052 2308 car·

16 2359 43 2398 cs
56 2336 198 2412 minisque
213 2333 303 2392 Latini
320 2349 467 2408 coronam,
484 2332 519 2391 de
536 2350 590 2411 qua
605 2332 823 2392 honestissimus
844 2335 965 2412 quisque
985 2349 1052 2392 con·

54 2418 198 2494 tenderat,
214 2419 343 2496 ipsorum
361 2434 505 2477 consensu
524 2432 692 2476 concessam
710 2416 764 2476 sibi
778 2419 907 2496 recepit,
925 2416 1053 2476 citharae

56 2510 151 2564 autem
166 2519 182 2561 a
196 2500 338 2561 iudicibus
356 2500 390 2561 ad
408 2520 439 2560 se
453 2500 574 2561 delatam
587 2500 718 2561 adoravit
739 2501 866 2578 ferrique
883 2502 917 2561 ad
929 2499 1053 2577 Augusti

57 2595 178 2646 statuam
194 2586 285 2646 iussit.
331 2585 480 2661 Gymnico,
498 2584 575 2663 quod
597 2586 625 2643 in
641 2586 739 2664 Septis
761 2584 880 2661 edebat,
902 2587 978 2644 inter
1002 2584 1051 2644 bu-

55 2670 169 2744 thysiae
191 2678 359 2749 apparatum
383 2668 500 2730 barbam
523 2670 641 2748 primam
663 2670 773 2749 posuit,
803 2669 1003 2746 conditamque
1024 2669 1052 2727 in

16 2780 44 2822 ³0
56 2772 173 2814 auream
188 2753 323 2832 pyxidem
339 2763 368 2813 et
382 2754 600 2833 pretiosissimis
612 2754 774 2830 margaritis
787 2752 952 2816 adornatam
969 2749 1051 2830 Capi·

55 2838 129 2898 tolio
148 2839 338 2899 consecravit.
383 2836 429 2897 Ad
451 2837 620 2897 athletarum
643 2837 840 2916 spectaculum
869 2836 999 2897 inritavit
1024 2844 1054 2895 et

54 2923 185 2999 virgines
198 2921 343 2999 Vestales,
360 2923 425 3000 quia
439 2920 589 3000 Olympiae
614 2938 729 3000 quoque
752 2920 870 2982 Cereris
895 2918 1052 2981 sacerdoti·

53 3006 109 3065 bus
125 3014 260 3084 spectare
277 3006 453 3065 conceditur.

121 3089 187 3150 Non
202 3090 343 3149 immerito
358 3090 433 3149 inter
449 3088 615 3168 spectacula
630 3089 666 3150 ab
683 3106 718 3148 eo
735 3089 812 3150 edita
827 3098 856 3149 et
871 3088 1003 3149 Tiridatis
1025 3085 1054 3144 in
1062 3081 1098 3136 13

16 3200 44 3241 as
55 3173 158 3243 urbem
172 3174 316 3234 introitum
330 3173 485 3233 retulerim.
531 3173 622 3248 Quem
637 3174 791 3234 Armeniae
807 3191 919 3250 regem,
942 3170 1054 3248 magnis

56 3257 316 3339 pollicitationibus
332 3257 524 3335 sollicitatum,
541 3275 604 3316 cum
620 3257 763 3318 destinato
788 3263 842 3336 per
862 3257 985 3317 edictum
1008 3253 1053 3313 die

57 3350 225 3403 ostensurus
239 3341 349 3420 populo
375 3350 496 3421 propter
511 3340 638 3401 nubilum
653 3341 822 3418 distulisset,
840 3340 976 3420 produxit
997 3353 1053 3417 quo

58 3426 303 3505 opportunissime
322 3425 424 3506 potuit,
451 3425 599 3505 dispositis
621 3426 694 3487 circr
723 3425 779 3484 lori
804 3423 912 3504 templa
939 3421 1053 3484 muratis
