2286 3862
419 219 627 268 paduanum.
863 221 975 270 Lxm

59 385 95 440 ab
112 401 135 439 a.
154 387 222 443 1472
245 380 397 452 impressas
421 380 491 436 llaiu
512 386 655 436 enumerat
676 396 722 435 no.
738 385 807 439 6382
822 397 884 452 sqq.
931 383 972 437 De

60 466 232 524 emendanda
248 465 321 520 bene
337 469 498 521 meruerunt
510 464 648 520 Robertus
658 459 892 538 Stephanus⁰⁵)a.
903 471 971 525 1529

60 559 89 607 et
102 549 262 607 Fridericus
277 548 501 618 lindenbrogius
519 566 543 605 a.
560 554 642 616 1602,
667 554 785 620 uterque
807 548 923 605 Parisiis
944 555 973 605 ct

57 634 193 692 Parisinis
209 632 345 689 subsidiis
361 648 438 687 usus.
483 632 518 687 Et
532 632 662 705 plurima,
679 632 733 688 uisi
752 633 844 690 omnia
861 633 972 703 fallunt,

58 719 152 776 codici
169 717 259 786 hegio
273 720 343 776 7920
358 715 436 772 Snec.
450 715 497 773 Xl.
513 716 680 785 debuerunt,
696 733 775 787 quem
790 733 845 789 ego
862 733 972 789 quoque

56 799 259 858 benevolentia
282 800 407 856 lacobi
428 799 614 855 fluuuiker
638 799 853 870 diligentissime
881 802 955 858 colla

58 893 116 941 tum
134 884 229 940 habui.
274 883 341 939 Eius
357 884 423 939 libri
437 890 511 939 tanta
529 889 573 939 est
586 883 776 956 praestantia,
798 891 828 941 ut
844 886 890 941 vel
905 890 972 956 post

59 970 231 1039 Stephanum
261 972 290 1022 et
316 967 554 1037 lindenbrogium
571 968 707 1023 bonarum
728 967 878 1023 lectionum
905 967 971 1023 mihi

57 1068 170 1124 quoque
195 1050 374 1122 spicilegium
392 1050 520 1105 relictum
542 1051 628 1106 luerit
643 1051 856 1122 haudquaquam
872 1050 972 1123 paeni-

58 1137 180 1192 tendum.
212 1133 272 1190 Nou
290 1134 358 1189 nulli
373 1135 436 1189 usui
453 1134 507 1189 luit
520 1140 548 1190 et
558 1134 779 1204 Liudeubrogio,
791 1141 820 1189 ut
830 1136 972 1206 suspicor,

59 1227 88 1276 ct
104 1219 170 1275 mihi
186 1219 257 1275 alter
275 1219 367 1274 codex
381 1217 523 1274 Parisinus
537 1223 606 1279 7921
622 1218 702 1275 Sacc.
718 1217 778 1273 XV.
794 1220 971 1286 chartaceus,

58 1306 93 1361 ab
112 1304 211 1360 eodem
227 1303 317 1360 amico
331 1301 519 1367 examinatus;
534 1303 585 1358 sed
599 1302 624 1358 is
635 1309 759 1357 veterum
775 1295 971 1375 editionum⁰⁰)

59 1396 115 1442 tam
136 1386 237 1441 similis
258 1392 316 1453 est,
340 1391 370 1439 ut
392 1385 563 1440 emendantis
589 1385 708 1440 studium
729 1403 825 1456 parum
847 1386 969 1441 adiuvet.

62 1471 240 1539 Eandemque
260 1466 405 1522 Leideusis
428 1466 536 1522 codicis
552 1468 689 1522 rationem
713 1484 776 1522 esse
793 1469 827 1523 ab
842 1469 970 1522 Bitsche-

62 1556 100 1610 lio
117 1552 225 1608 certior
240 1552 331 1606 lactus
350 1567 424 1614 sum;
448 1566 509 1606 nam
526 1551 561 1606 de
578 1550 719 1605 Theodori
734 1549 972 1605 Boeudermakeri

62 1635 238 1694 Ultraioctini
255 1635 385 1706 exemplo
403 1634 472 1689 nihil
491 1634 526 1689 ad
542 1634 735 1689 Terentianum
750 1633 834 1689 vitam
842 1633 972 1688 Wester-

59 1720 161 1778 hovius
180 1717 282 1775 attulit.
328 1716 457 1774 Ceterum
474 1717 519 1773 hie
536 1717 669 1774 brevitati
687 1734 720 1773 co
746 1717 836 1787 magis
857 1717 972 1773 studere

60 1804 168 1874 licebit,
186 1802 259 1873 quod
272 1807 300 1856 et
312 1802 347 1858 de
362 1818 465 1858 summa
483 1818 514 1857 ro
528 1802 627 1857 critica
644 1807 672 1856 et
687 1803 721 1856 de
732 1801 852 1871 singulis
868 1799 972 1873 pleris-

62 1905 116 1960 que
132 1886 276 1959 copiosius
294 1886 415 1957 exposui
433 1886 461 1941 in
474 1886 570 1941 lluseo
586 1886 718 1940 Rhenano
738 1891 770 1943 12
785 1903 812 1956 p.
826 1890 893 1953 174,
915 1899 971 1954 quo

62 1972 204 2028 studiosos
221 1970 344 2026 lectores
361 1970 474 2039 delego.
509 1969 666 2025 Meminerit
682 1968 768 2039 igitur
787 1967 834 2040 qui
848 1970 902 2025 hoc
922 1984 971 2023 ex-

63 2057 181 2127 emplum
197 2069 258 2109 cum
273 2053 416 2125 prioribus
434 2053 564 2110 conferre
578 2054 665 2123 volet,
680 2070 814 2124 nusquam
830 2052 971 2109 Parisino·

63 2156 123 2195 rum
141 2136 267 2193 codicum
288 2154 321 2193 ao
335 2137 487 2211 praecipue
504 2136 667 2194 vetustioris
688 2137 882 2194 auctoritatem
900 2154 914 2192 a
930 2153 972 2191 me

63 2224 203 2279 desertam
219 2237 283 2277 esse
295 2220 350 2276 nisi
366 2223 475 2278 lectore
490 2223 606 2278 monito.

126 2310 193 2374 292,
211 2311 228 2362 2
242 2307 336 2361 serviit
349 2321 403 2375 ego
421 2321 472 2377 pro
489 2308 572 2362 seruit
588 2307 634 2362 vel
651 2307 761 2360 servivit
779 2303 782 2375 Ι
802 2310 818 2365 7
834 2305 869 2359 sit
881 2303 971 2357 Aldus

62 2408 87 2447 a.
102 2394 169 2450 1517
186 2404 240 2463 pro
253 2394 294 2444 est
312 2383 317 2466 Ι
337 2394 353 2450 7
371 2389 411 2444 od
425 2389 560 2445 dominum
575 2390 731 2445 Romanum
747 2385 971 2446 lacGrouovius.

64 2474 168 2529 addua
188 2472 306 2528 Romam
324 2471 413 2544 itique
431 2476 525 2530 venire
546 2473 693 2546 Sohopen‚
716 2473 769 2529 clr.
795 2490 822 2544 p.
840 2477 908 2540 265,
928 2475 971 2527 20.

65 2555 171 2614 Gellius
187 2563 216 2627 5,
232 2561 276 2625 14,
293 2561 328 2616 26
347 2550 352 2633 Ι
372 2563 404 2620 17
419 2572 511 2613 vocem
525 2558 644 2614 divinem
659 2558 782 2613 Muretus
801 2575 826 2611 a.
840 2562 907 2614 1555
920 2570 972 2626 pro

62 2655 154 2698 uocem
170 2641 235 2698 dum
254 2645 280 2696 et
294 2641 341 2697 vel
356 2655 421 2697 uoce
436 2642 527 2698 diuino
546 2635 551 2720 Ι
571 2649 605 2703 18
619 2643 729 2698 Philum
745 2657 800 2713 ego
815 2657 868 2712 pro
886 2640 971 2710 tirum

62 2726 109 2782 vel
122 2723 231 2798 surium
249 2715 256 2803 Ι
276 2732 308 2786 19
323 2724 358 2780 ab
373 2726 448 2782 bisce
462 2727 562 2782 Aldus.
605 2728 650 2783 Ad
666 2729 790 2783 lacunam
806 2724 972 2796 explendam

58 2816 178 2882 propter
199 2805 262 2887 (vel
285 2806 334 2884 ab)
356 2827 465 2866 morum
491 2812 666 2882 elequentiam:
692 2811 778 2867 Redis
806 2807 971 2877 addiderim,
1044 2856 1047 2859 .

18 2972 19 2976 Ι
64 2894 117 2948 cir.
131 2895 201 2950 blus.
217 2894 303 2951 Rhen.
324 2900 358 2953 12
378 2914 405 2968 p.
423 2901 474 2956 187
501 2889 506 2972 Ι
528 2902 563 2955 23
577 2895 715 2951 Mortuost
732 2891 894 2966 Stymphale
916 2907 970 2962 ego

135 3073 183 3139 65)
208 3075 273 3127 Nam
300 3079 367 3140 quod
393 3078 420 3127 in
446 3078 534 3129 Museo
562 3078 684 3127 Rheneuo
712 3076 744 3125 12
768 3092 793 3143 p.
820 3076 869 3126 174
895 3075 971 3124 modo

64 3143 210 3209 suspicatus
228 3160 297 3196 eram
310 3147 392 3197 videri
404 3146 538 3196 Erasmum
553 3147 615 3196 nihil
632 3146 681 3195 nisi
698 3144 820 3210 Stephani
836 3145 972 3194 editionem

62 3213 202 3278 repetisse,
225 3215 357 3282 inpostea
378 3217 414 3265 ita
429 3232 457 3266 se
471 3215 565 3266 habere
584 3215 700 3281 cognovi.
737 3213 880 3281 Stephanus
904 3211 972 3259 enim

64 3297 97 3331 ex
122 3284 203 3333 veteri
226 3285 313 3336 codice
332 3284 425 3335 Donati
447 3293 614 3335 commentum
639 3284 724 3333 multis
744 3284 806 3334 loeis
828 3280 971 3345 castigavit,

63 3348 186 3402 Erasmus
201 3355 310 3419 paucula
326 3355 404 3404 modo
421 3363 445 3403 et
465 3370 497 3403 ex
511 3355 615 3419 iugenio
633 3353 746 3404 mutavit.
825 3415 828 3421 Ι

133 3419 179 3484 66)
210 3420 306 3482 Quibus
331 3425 357 3474 in
385 3422 546 3474 conferendis
574 3438 614 3471 me
644 3423 793 3475 adiuverunt
819 3416 973 3471 amicissime

63 3488 202 3542 loannes
216 3491 339 3560 Zdndel
356 3493 452 3543 Bernae
467 3484 972 3546 etGustavusBecherhtbeeeneis.
