2286 3862
106 173 170 244 ¹62
210 182 405 236 o.suuuou1
421 179 549 239 ranno.
565 179 612 226 ou
626 178 709 225 vrrs
726 176 909 227 omassum
925 178 1000 227 nra.
1013 178 1050 228 v.

107 342 173 421 quin
190 338 226 399 de
252 335 470 398 condicionibus
484 334 618 395 continno
635 340 788 409 tractaret,
810 332 894 392 etiam
909 331 948 392 de
960 331 1113 415 Paetinae,

107 441 190 504 quam
206 422 275 482 olim
298 428 455 497 exegerat,
481 418 575 496 deque
589 416 698 477 Lolliae
718 415 870 494 Paulinae,
891 433 968 495 quae
983 415 1021 478 G.
1041 416 1112 481 Gae-

106 509 165 569 sari
186 515 274 584 nupta
294 506 397 565 luerat.
423 504 531 565 Verum
551 499 708 566 inlecebris
728 499 928 579 Agrippinae,
945 499 1111 566 Germanici

106 592 204 652 fratris
229 591 272 650 sui
293 588 387 664 liliae,
411 604 465 665 per
482 587 525 646 ins
548 584 640 645 osculi
659 592 688 643 et
707 583 907 644 blanditiarum
933 587 1108 647 occasiones

107 675 252 755 pellectus
268 675 297 732 in
313 688 455 746 amorem,
480 668 648 730 subornauit
663 669 797 747 proximo
814 676 915 729 senatu
934 670 986 748 qui
1005 686 1124 736 oense-a

108 768 185 834 rent,
204 756 365 834 cogendum
381 773 414 814 se
430 753 466 815 ad
485 752 645 814 ducendum
666 768 728 813 eanr
747 769 884 829 uxorem,
907 752 994 831 quasi
1013 755 1100 833 reip.

106 843 228 903 maxime
241 843 405 916 interesset,
419 839 596 917 dandamque
607 837 712 897 ceteris
724 838 837 897 veniam
850 835 1103 916 taliumconiugio

106 944 181 1002 rurn,
196 943 269 1004 quae
284 924 319 985 ad
334 924 362 984 id
373 933 487 1004 tempus
501 924 611 982 incesta
626 919 812 981 habebantur.
829 919 876 981 Ac
887 921 939 981 vix
951 939 1012 982 uno
1023 923 1107 983 inter·

107 1010 202 1091 posito
233 1009 279 1069 die
307 1009 435 1070 confecit
461 1008 588 1085 nuptias;
613 1022 670 1064 non
695 1005 822 1082 repertis
843 1005 892 1084 qui
914 1015 1108 1084 sequerentur

108 1094 287 1173 exemplum,
303 1101 430 1171 excepto
446 1090 580 1151 libertino
603 1088 741 1167 quodam,
764 1097 793 1149 et
811 1087 904 1149 altero
925 1090 1107 1169 primipilari,
1115 1106 1135 1148 u

108 1181 187 1239 cuius
210 1177 371 1254 nuptiarum
392 1174 563 1233 officiumst
584 1174 649 1251 ipse
671 1190 735 1232 curn
749 1170 913 1251 Agrippina
931 1173 1107 1235 belebravit.

65 1260 228 1321 tlbiberos
250 1256 399 1316 extribus
421 1258 559 1317 uxoribus
576 1256 651 1316 tulit:
680 1275 717 1316 ex
733 1255 915 1334 Urgulanilla
937 1255 1066 1319 Drusum
1081 1267 1108 1319 et

108 1341 269 1417 claudiam,
293 1360 330 1400 ex
351 1341 470 1402 Paetina
489 1341 660 1417 Antoniam,
683 1359 721 1401 ex
738 1340 894 1402 Messalina
908 1340 1065 1404 Octaviam
1081 1350 1108 1402 et

107 1445 191 1507 quern
219 1426 310 1504 prinro
333 1424 546 1503 Germanicum,
572 1443 640 1485 mox
662 1423 853 1486 Britannicum
879 1428 1106 1504 cognominavit.

105 1512 227 1571 Drusum
239 1509 374 1589 Pompeis
387 1511 565 1589 impuberem
577 1511 678 1586 amisit,
691 1511 755 1588 piro
772 1528 825 1589 per
837 1509 931 1570 lusum
942 1511 972 1571 iu
984 1510 1134 1572 sublimen

106 1597 210 1655 iactato
223 1603 252 1653 et
263 1593 338 1654 hiatu
352 1597 411 1654 oris
421 1604 547 1674 excepto
561 1593 783 1671 strangulatum,
797 1611 859 1654 cum
872 1594 899 1654 ei
911 1603 979 1656 ante
995 1613 1106 1675 paucos

107 1679 168 1739 dies
185 1678 270 1739 lrliam
287 1679 382 1738 Seiani
397 1679 608 1757 despondisset.
637 1678 700 1752 Quo
716 1679 808 1755 magis
824 1680 913 1739 miror
927 1678 1038 1758 iuuisse,
1060 1679 1106 1760 (pri

107 1763 251 1824 traderent
267 1762 367 1822 iraude
383 1781 398 1822 a
419 1763 525 1823 Seiano
540 1771 680 1823 necatum.
709 1761 856 1823 claudiam
872 1780 910 1822 ex
926 1762 1036 1825 liberto
1052 1780 1104 1824 suo

106 1847 212 1907 Botere
241 1855 426 1924 conceptam,
456 1848 584 1925 quamvis
605 1855 670 1906 aute
692 1849 818 1925 quintum
838 1864 968 1908 mensem
990 1847 1104 1909 divortii

106 1940 198 1991 natam
214 1929 310 2009 alique
326 1939 475 2010 coeptam,
492 1930 599 2009 exponi
614 1938 708 1990 tamen
724 1930 759 1991 ad
773 1933 872 1992 matris
883 1932 998 1993 ianuam
1013 1942 1043 1994 et
1056 1948 1131 1993 rra-n

106 2014 168 2073 dam
195 2014 276 2072 iussit
295 2013 380 2075 abici.
423 2013 576 2076 Antoniam
598 2013 657 2074 CN.
682 2013 823 2095 Pompeio
845 2015 967 2094 Nagno,
1001 2016 1104 2077 deinde

104 2096 212 2157 Fausto
228 2097 342 2174 Sullae,
367 2098 554 2160 nobilissimis
568 2099 731 2176 iuvenibus,
755 2098 903 2161 Octaviam
917 2099 1030 2161 Neroni
1048 2102 1104 2181 pri·

104 2182 192 2259 vigno
213 2200 265 2242 suo
282 2182 454 2256 collocavit,
479 2184 576 2245 Silano
599 2192 664 2243 ante
685 2183 868 2262 desponsam.
898 2183 1104 2263 Britannicum,

104 2267 243 2326 vicesimo
257 2268 369 2347 imperii
383 2268 429 2328 die
444 2271 528 2348 inque
544 2268 672 2328 secundo
686 2268 835 2328 consulatu
847 2277 943 2329 natum
954 2269 1022 2347 sibi,
1038 2288 1103 2350 par·

105 2350 200 2410 vulurn
217 2352 301 2413 etiam
318 2361 385 2430 turn,
401 2361 430 2412 et
444 2353 524 2412 militi
541 2370 594 2431 pro
611 2353 745 2412 contione
761 2352 892 2413 manibus
906 2354 966 2414 suis
982 2363 1133 2432 gestansu

105 2443 134 2494 et
150 2435 229 2514 plebi
250 2455 303 2514 per
327 2438 496 2515 spectacula
513 2438 624 2515 gremio
643 2445 689 2496 aut
711 2445 776 2496 ante
791 2456 824 2496 se
841 2437 968 2498 retinens
987 2438 1103 2499 assidue

106 2519 324 2580 commendabat
347 2521 506 2600 faustisque
529 2519 669 2580 ominibus
697 2539 759 2580 cum
781 2520 1000 2582 adclamantium
1020 2522 1104 2583 turba

104 2602 345 2678 prosequebatur.
379 2602 403 2662 E
429 2605 547 2680 generis
567 2603 713 2664 Neronem
738 2604 904 2684 adoptavit,
932 2606 1104 2686 Pompeium

104 2691 188 2760 atque
204 2684 331 2760 Silanum
349 2704 405 2746 uon
420 2688 565 2747 recusavit
579 2687 683 2764 modo,
698 2689 750 2748 sed
765 2697 794 2748 et
808 2691 961 2750 interemit.

61 2775 96 2828 28
165 2765 345 2829 Libertorum
361 2771 518 2849 praecipue
535 2773 666 2849 suspexit
679 2772 804 2832 Posiden
820 2773 997 2852 spadonem,
1016 2792 1134 2856 quemn

104 2851 188 2909 etiam
208 2849 371 2913 Britannico
399 2855 541 2934 triumpho
571 2856 644 2915 inter
664 2856 802 2917 militares
828 2858 907 2918 viros
926 2857 1010 2921 hasta
1029 2879 1104 2940 pura

104 2934 235 3005 donauit;
252 2955 306 2995 uec
321 2939 412 2998 minus
428 2938 572 3015 Felicem,
590 2957 673 3018 quern
690 2940 857 3002 cohortibus
872 2951 900 3002 et
914 2941 967 3003 alis
981 2945 1102 3022 provin·

105 3021 225 3098 uiaeque
248 3019 372 3081 Iudaeae
394 3025 578 3102 praeposuit,
609 3026 689 3084 trium
711 3026 874 3102 reginarum
896 3028 1043 3098 maritum;
1073 3037 1103 3090 et

103 3103 291 3182 Harpocran,
318 3108 363 3166 cui
389 3107 494 3169 lectica
516 3126 570 3187 per
595 3108 694 3170 urbem
723 3108 846 3170 vehendi
872 3112 1102 3193 spectaculaque

104 3187 220 3266 publice
237 3188 340 3250 edendi
353 3193 397 3250 ius
413 3191 525 3262 tribuit3
540 3211 575 3252 ao
592 3211 679 3272 super
696 3195 751 3253 bos
766 3193 916 3270 Polybium
931 3195 967 3255 ab
984 3196 1133 3274 studiis,au

104 3273 151 3349 qui
178 3292 267 3353 saepe
294 3276 368 3334 inter
391 3274 463 3335 duos
486 3276 622 3336 consules
644 3276 819 3346 ambulabat;
845 3278 983 3341 sedante
1006 3284 1101 3342 omnis

103 3353 269 3418 Narcissum
289 3359 324 3420 ab
347 3359 492 3439 epistulis,
517 3370 545 3421 et
559 3360 716 3422 Pallantem
733 3380 749 3421 a
764 3363 937 3441 rationibus,
959 3381 1034 3443 quos
1049 3365 1099 3426 de·

105 3448 185 3500 creto
203 3462 317 3523 quoque
334 3453 449 3505 senatus
465 3461 522 3504 non
537 3446 673 3524 praemiis
693 3445 778 3506 modo
795 3447 977 3527 ingentibus,
1000 3449 1053 3511 sed
1069 3459 1099 3510 et
