2334 3870
419 239 627 288 PRAEFATIO.
896 240 967 288 XCV

63 408 100 461 ‘28
113 402 196 457 libello
210 413 260 456 Stto
277 414 331 454 uon
347 398 484 463 intelligo.
505 396 632 454 Ceterum
649 400 744 454 oedem
761 439 769 454 .
786 438 794 453 .
811 398 964 456 inchoatam

64 501 148 557 supra
160 500 270 556 quoqne
286 500 312 554 p.
326 487 370 551 65,
389 488 423 538 to
438 482 583 552 hebemus..

118 562 964 638 LibellumltillerentiarumSermon·um‚quiexSus-

63 648 964 721 toniiTranquilliPratoexcerptusessedicitur‚abhaceditions

62 735 215 790 excludere
233 732 318 801 nolui,
335 746 496 802 quamquem
507 737 605 802 sponte
624 734 757 788 confiteor
774 735 856 789 talem
873 734 964 805 qualis

63 825 107 872 est
122 835 137 871 a
153 815 287 871 Suetonio
306 830 396 886 neque
414 813 501 868 scribi
520 829 609 883 neque
626 831 641 869 a
659 814 781 871 Remmio
796 817 962 874 Palaemone

65 899 171 954 desumi
189 899 323 971 potuisse.
360 897 416 953 Sed
434 914 494 952 eum
510 897 597 951 semel
612 902 715 952 tentum
731 898 826 953 formis
843 902 962 973 impres-

61 1000 109 1038 sus
133 983 171 1037 sit
193 981 308 1051 eiusque
332 981 464 1036 editionis
491 981 618 1051 exempla
644 987 673 1035 et
694 981 837 1036 rarissima
856 984 911 1038 sint
935 991 964 1039 et

61 1064 286 1137 corruptissima,
308 1064 384 1119 nolui
407 1065 506 1119 lectori
523 1065 618 1119 hurum
633 1081 725 1119 rerum
743 1063 868 1122 studioso
885 1066 964 1137 quasi

61 1149 235 1206 abscondere
260 1147 382 1202 libellum
405 1163 493 1218 nuper
517 1147 667 1218 aliquoties
689 1148 717 1201 in
733 1148 965 1220 disceptationem

61 1238 186 1289 vocatum
202 1237 230 1286 et
250 1231 348 1286 saltem
363 1231 443 1286 titulo
461 1230 494 1285 de
513 1233 631 1287 meliore
646 1236 711 1287 nota
735 1234 962 1304 commendatum,

60 1317 180 1386 denique
199 1332 214 1370 a
228 1314 320 1382 nobis,
336 1314 391 1368 nisi
408 1314 512 1369 animus
527 1315 615 1384 fallit,
632 1315 774 1386 aliquanto
790 1318 962 1374 emendatio·

61 1416 118 1452 reru
138 1398 249 1452 lectumt

74 1532 80 1542 ,
125 1480 223 1533 Exstat
239 1478 352 1531 libellus
368 1481 496 1545 quantum
509 1477 657 1547 explorare
669 1479 756 1546 potui,
773 1496 828 1534 non
844 1482 961 1550 emplius

62 1563 148 1618 semel
164 1577 244 1616 manu
261 1559 398 1630 scriptus,
412 1558 441 1613 in
456 1557 554 1613 codice
571 1557 653 1613 Sacc.
670 1557 717 1627 lx,
737 1561 783 1629 qui
802 1560 868 1615 olim
882 1562 965 1615 loan-

61 1648 104 1702 nis
118 1643 240 1701 Bouhier
254 1643 373 1699 Divione
388 1641 455 1712 fuit,
474 1656 546 1695 nunc
562 1641 821 1713 lllontepessulunus
840 1649 897 1711 est,
913 1658 964 1696 nu-

60 1746 136 1785 mero
156 1734 208 1789 306
228 1727 384 1783 distinctus.
429 1727 459 1780 ln
484 1741 518 1781 eo
542 1725 658 1794 codice,
682 1731 711 1779 ut
733 1725 892 1796 singulatim
914 1741 963 1782 cx-

60 1814 172 1884 ponitur
188 1813 216 1867 in
238 1811 391 1881 catalogue
407 1810 524 1880 general
542 1811 591 1866 des
607 1810 772 1865 manuscrits
796 1811 846 1866 des
861 1811 962 1881 depar-

61 1903 177 1952 tements
194 1904 209 1953 1
224 1912 250 1966 p.
267 1900 329 1964 409,
345 1894 533 1964 Synonprnica
549 1893 684 1965 opuscula
699 1894 840 1965 complura
859 1895 962 1963 insunt,

60 1996 114 2034 non
133 1986 235 2035 tanturn
248 1978 382 2047 Agroecii
398 1985 427 2033 ot
437 1978 539 2034 lsidori
555 1976 687 2048 genuine,
703 1977 753 2032 sed
765 1977 847 2033 Probi
854 1977 962 2033 Valerii

62 2077 173 2132 quoque
189 2061 336 2130 etVirgilii
348 2058 527 2116 etGiceronis
540 2061 587 2117 vel
602 2060 805 2117 subditiciavel
817 2067 959 2133 suspectu,

61 2150 209 2216 praeterea
227 2142 351 2197 eiusdem
362 2143 476 2213 generis
491 2144 545 2199 alia
557 2143 617 2199 sine
634 2150 776 2200 auctorum
793 2145 960 2203 nominihus.

60 2227 157 2282 Exeo
181 2227 280 2283 codice
307 2242 367 2281 cum
388 2225 518 2281 aliatum
539 2228 610 2281 hano
632 2227 795 2299 perticulam
811 2227 962 2298 descripsit

60 2311 203 2383 Philippus
218 2307 355 2365 d’Orville
372 2308 514 2379 ediditque
536 2326 559 2365 a.
577 2315 643 2369 1749
665 2310 894 2376 iuAMiscellaueis
911 2311 962 2364 ob-

61 2394 268 2451 servationibus
280 2393 361 2449 novis
376 2399 393 2452 9
417 2410 443 2464 p.
461 2397 511 2452 977
528 2409 588 2464 sqq.
631 2393 761 2448 Eiusdem
776 2392 962 2463 antiquissimi

62 2478 168 2534 codicis
184 2478 294 2550 copiam
317 2475 490 2533 aFriderico
506 2477 619 2534 Dttbner
639 2478 738 2533 luctum
755 2478 884 2547 donoque
906 2473 961 2531 sibi

61 2562 151 2617 datam
182 2560 396 2617 Friderious
421 2560 566 2616 llitschl
587 2561 653 2615 mihi
678 2561 805 2617 utendam
824 2559 962 2632 permisit,

62 2645 141 2701 cuius
158 2643 287 2701 beneficii
305 2644 436 2701 maximas
453 2644 572 2714 egregio
584 2643 647 2699 viro
663 2644 768 2714 gratias
784 2660 849 2714 ago.
885 2643 961 2697 'litu-

60 2724 148 2802 lus⁸³)
172 2735 228 2784 est:
251 2726 468 2784 trtctrtvllr
492 2727 740 2784 differentiae
763 2743 961 2783 sermonum

61 2812 153 2867 Remi
175 2812 378 2869 l’elemonis
403 2827 445 2867 ex
463 2810 562 2867 libro
579 2810 764 2881 Suetonii,
792 2811 962 2884 subscriptio

130 3005 176 3069 93)
197 3009 249 3072 Ipsi
265 3007 337 3056 titulo
353 3009 426 3070 quasi
446 3008 547 3074 prologi
563 3008 643 3057 instar
657 3007 718 3055 haec
733 3007 872 3072 praemisse
888 3013 960 3056 sunta

60 3076 196 3125 ‘Palemon
216 3074 346 3125 Vicetluus
372 3076 482 3141 insignis
508 3076 687 3142 grammaticus
713 3076 807 3124 Romae
836 3073 960 3135 helmon

60 3145 104 3208 qui
121 3145 248 3208 quendem
266 3144 437 3209 leterrogetus
456 3143 516 3206 quid
532 3145 597 3194 inter
617 3144 709 3193 stillum
728 3151 752 3193 et
764 3151 860 3209 guttam
882 3143 960 3192 iuter-

59 3222 135 3274 esset,
152 3213 225 3263 Gutta
241 3213 322 3275 inquit
340 3220 397 3272 stat,
416 3213 483 3263 stille
498 3214 579 3262 cadit'
596 3227 659 3276 quae
677 3212 754 3262 verbe
768 3228 800 3262 ex
816 3208 961 3274 Hieronymi

58 3282 176 3332 chronico
200 3281 325 3347 descripte
344 3296 422 3347 supra
444 3281 530 3332 adnot.
551 3279 585 3331 60
607 3281 866 3331 commemoravimus.
909 3277 960 3330 Sed

58 3365 143 3401 errore
163 3350 256 3401 lectum
272 3359 311 3400 est
324 3358 351 3400 ut
366 3351 504 3401 Dorvillius
517 3366 624 3413 eumque
642 3359 744 3400 secutus
760 3348 875 3399 Hendius
893 3345 960 3397 huno

57 3421 193 3536 prologum
205 3420 290 3470 libello
306 3419 422 3486 proxime
437 3419 593 3486 praescripto
606 3427 734 3483 tamquam
749 3418 879 3486 epilogum
898 3415 957 3466 sub·

68 3494 199 3555 ungerent.
