2334 3870
481 196 655 245 ursmarus.
1010 183 1068 246 101

66 355 199 434 prrmori;
215 359 245 412 et
261 353 285 411 si
301 369 386 431 quem
400 368 517 412 reorum
532 351 608 414 elabi
624 353 719 430 gratia
734 367 832 410 rumor
848 359 943 428 esset,
959 351 1071 413 subitus

67 437 168 497 aderat
187 435 357 515 radicesque
377 445 425 496 aut
446 454 463 496 e
485 436 573 516 plano
588 445 636 497 aut
651 455 668 497 e
685 435 862 515 quaesitoris
881 434 1014 497 tribunali
1027 437 1069 497 le·

66 538 134 598 gum
148 530 177 581 et
190 521 346 598 religionis
358 528 388 580 et
398 537 506 597 noxae,
522 519 558 580 de
571 539 626 600 qua
639 527 867 599 cognoscerent,
883 519 1068 591 admonebat;

10 661 16 672 ‚
66 615 151 684 atque
168 607 270 680 etiam,
289 604 313 663 si
330 622 386 682 qua
403 605 432 664 in
447 603 573 684 publicis
588 605 715 665 moribus
732 603 843 666 desidia
859 613 907 664 aut
916 603 990 664 mala
1003 618 1070 664 con·

40 689 216 756 asuetudine
238 687 387 764 labarent,
409 688 584 764 corrigenda
597 691 735 768 suscepit.
763 688 907 749 Ludorum
923 706 959 749 ac
972 693 1114 749 mune-34

63 791 126 832 rum
140 774 287 851 impensas
305 773 461 852 corripuit,
479 771 663 830 mercedibus
678 773 859 832 scenicorum
873 775 977 834 recisis
995 773 1071 853 pari·

64 856 179 934 busque
195 854 387 932 gladiatorum
404 856 440 916 ad
457 863 568 916 certum
582 872 730 915 numerum
743 855 879 916 redactis.
906 856 1070 918 Corinthio-

65 957 127 999 rum
151 956 285 999 vasorum
306 943 398 1018 pretia
418 943 447 1000 in
467 942 636 1000 immensum
656 941 804 1000 exarsisse
826 947 943 1018 tresque
964 941 1070 1002 mullos

64 1025 183 1100 triginta
208 1023 322 1082 milibus
346 1042 488 1084 nummum
507 1027 625 1085 venisse
651 1026 785 1102 graviter
803 1033 997 1103 conquestus,
1022 1024 1070 1085 ad·

24 1107 216 1169 cohibendum
240 1107 418 1186 supellectili
443 1109 559 1169 modum
586 1110 699 1169 censuit
730 1124 931 1187 annonamque
955 1107 1072 1168 macelli

62 1199 179 1250 senatus
193 1190 331 1252 arbitratu
346 1203 416 1272 quot
433 1196 516 1253 annis
531 1194 758 1273 temperandam,
776 1193 843 1254 dato
860 1192 1002 1254 aedilibus
1021 1210 1070 1252 ne·

61 1277 144 1353 gotio
172 1277 297 1353 popinas
320 1293 487 1353 ganeasque
508 1296 600 1354 usque
622 1296 658 1338 eo
679 1278 844 1355 inhibendi,
871 1288 902 1337 ut
921 1297 958 1339 ne
978 1294 1070 1359 opera

63 1358 178 1437 quidem
196 1358 320 1434 pistoria
334 1361 461 1434 proponi
476 1359 590 1417 venalia
605 1362 742 1419 sinerent.
771 1361 809 1420 Et
821 1370 852 1419 ut
866 1365 1070 1439 parsimoniam

64 1440 210 1521 publicam
232 1438 368 1515 exemplo
388 1454 505 1515 quoque
528 1441 657 1517 iuvaret,
679 1442 868 1500 sollemnibus
889 1446 953 1519 ipse
972 1445 1071 1502 caenis

24 1521 196 1603 15pridiana
221 1539 311 1600 saepe
338 1538 373 1580 ac
396 1538 511 1580 semesa
537 1520 659 1581 obsonia
680 1525 817 1600 apposnit
840 1523 1072 1600 dimidiatumque

65 1624 182 1686 aprum,
200 1604 362 1681 affirmans,
379 1605 483 1666 omnic
497 1604 604 1666 cadmo
618 1603 750 1681 babere,
769 1621 849 1685 qaae
861 1611 965 1666 totum.

128 1689 279 1750 Cotidiana
301 1683 403 1750 oscula
423 1690 520 1750 edicto
542 1690 703 1770 probibuit,
726 1691 795 1750 item
815 1698 976 1749 strenarum
993 1707 1070 1749 coru·

62 1776 201 1835 mercium
222 1793 259 1835 ne
282 1774 357 1834 ultra
378 1773 442 1835 llal.
460 1775 520 1836 lan.
543 1783 742 1835 exerceretur.
777 1772 941 1834 Consuarat
957 1773 1069 1854 quadri-

62 1861 140 1941 plam
155 1867 296 1936 strenam,
311 1867 340 1918 et
354 1858 390 1919 de
406 1876 499 1936 mann,
515 1859 653 1930 reddere;
676 1859 729 1919 sed
745 1860 873 1920 offensus
890 1858 1070 1938 interpellari
1085 1870 1088 1878 “

22 1962 96 2014 20se
110 1951 173 2004 toto
187 1960 288 2002 mense
304 1943 339 2002 ab
355 1944 390 2002 iis
406 1945 453 2023 qui
472 1953 648 2022 potestatem
664 1946 707 2003 sui
725 1945 772 2003 die
790 1944 868 2002 sesto
883 1961 940 2004 non
955 1943 1070 2003 babuis-

61 2036 142 2104 sent,
163 2028 238 2087 ultra
257 2044 315 2085 non
330 2027 403 2086 tulit.
428 2027 576 2090 Matronae
590 2036 754 2108 prostratae
770 2028 942 2106 pudicitiae,
965 2028 1111 2107 quibusas

61 2120 216 2174 accusator
240 2109 374 2190 publicus
396 2110 527 2189 deesset,
549 2121 580 2170 ut
600 2114 759 2191 propinqui
780 2130 862 2172 more
877 2115 1015 2173 maiorum
1031 2110 1068 2174 de

62 2198 205 2257 communi
238 2196 382 2255 sententia
413 2205 587 2254 coercerent
621 2206 723 2256 auctor
747 2197 809 2255 iuit.
852 2195 909 2274 Eq.
937 2197 973 2257 R.
999 2199 1069 2256 iuris

60 2281 172 2342 iurandi
199 2281 321 2357 gratiam
341 2279 428 2356 iecit,
450 2283 571 2338 uxorem
592 2280 621 2338 in
643 2289 744 2356 stupro
766 2282 869 2356 generi
892 2288 1071 2358 compertam

22 2366 236 2441 aodimitteret,
256 2381 340 2442 quam
363 2381 395 2423 se
417 2380 568 2442 numquam
589 2365 806 2442 repudiaturum
827 2373 892 2424 ante
913 2365 1069 2423 iuraverat.

59 2450 198 2511 Feminae
220 2449 366 2526 famosae,
391 2457 421 2507 ut
436 2447 472 2508 ad
487 2449 635 2508 evitandas
656 2448 753 2526 legum
768 2466 878 2526 poenas
895 2450 957 2507 iure
978 2466 1013 2508 ac
1028 2446 1068 2507 di·

60 2536 171 2613 gnitate
195 2533 346 2593 matronali
367 2533 590 2612 exolverentur,
617 2533 793 2593 lenocinium
810 2534 942 2612 profiteri
961 2550 1067 2613 coepe·

60 2626 140 2696 rant,
163 2627 193 2678 et
210 2637 246 2678 ex
261 2620 409 2678 iuventute
426 2619 577 2696 utriusque
593 2619 703 2677 ordinis
718 2618 972 2697 profligatissimus
989 2619 1066 2697 quis·

61 2714 135 2783 que,
153 2720 211 2782 quo
229 2703 319 2761 nunus
334 2705 363 2761 in
380 2720 471 2781 opera
485 2720 610 2762 scaenae
623 2702 807 2781 harenaeque
824 2699 936 2761 edenda
951 2711 1068 2763 senatos

21 2797 51 2842 ao
61 2787 196 2851 consulto
211 2795 368 2863 teneretur,
384 2788 487 2846 famosi
502 2787 599 2846 iudicii
615 2796 711 2847 notam
727 2795 831 2867 sponte
848 2785 995 2856 subibant;
1015 2803 1068 2848 eos

61 2890 170 2952 easque
184 2890 294 2948 omncs,
312 2889 348 2930 ne
364 2872 442 2950 quod
456 2871 601 2948 refugium
616 2872 644 2930 in
660 2872 710 2931 tali
720 2872 820 2931 fraude
835 2873 966 2950 cuiquam
978 2879 1068 2948 esset,

61 2957 150 3017 exilio
164 2955 279 3016 adiecit.
308 2955 442 3014 Senatori
457 2954 543 3015 latum
560 2955 671 3015 clavum
688 2955 803 3033 ademit,
819 2973 881 3015 cum
897 2962 1068 3033 cognosset,

60 3040 114 3101 sub
137 3039 202 3100 llal.
223 3040 276 3100 lul.
300 3039 480 3116 demigrasse
505 3041 534 3098 in
559 3039 678 3116 hortos,
707 3057 764 3118 quo
791 3040 873 3098 vilius
898 3049 966 3119 post
992 3039 1068 3098 diem

61 3125 150 3187 aedes
166 3127 194 3184 in
208 3123 280 3184 urbe
297 3124 484 3183 conduceret.
508 3123 604 3182 Alium
619 3133 648 3183 et
663 3133 818 3204 quaestura
832 3126 970 3199 removit,
988 3121 1067 3202 quod

25 3237 50 3278 35
60 3227 183 3271 uxorem
197 3208 291 3288 pridie
306 3210 488 3269 sortitionem
503 3207 616 3268 ductam
629 3208 772 3286 postridie
786 3209 980 3288 repudiasset.
1007 3206 1065 3267 llx-
1074 3214 1109 3270 3⁶

59 3305 159 3355 ternas
176 3295 380 3371 caerimonias,
396 3293 561 3371 Aegyptios
579 3292 770 3371 Iudaicosque
786 3294 857 3352 ritus
874 3293 1065 3371 compescuit,

60 3381 173 3439 coactis
191 3381 239 3456 qui
256 3380 464 3457 superstitione
480 3394 515 3437 ea
532 3376 703 3437 tenebantur
717 3378 875 3454 religiosas
888 3385 988 3436 vestes
1002 3393 1066 3435 cum

59 3466 249 3524 instrumento
263 3465 338 3523 omni
352 3462 535 3523 comburere.
555 3461 727 3522 Indaeorum
738 3464 914 3521 iuventutem
929 3479 983 3540 per
999 3479 1052 3528 st*
