2334 3870
475 197 645 245 ursmarus.
1021 186 1063 247 95

59 371 98 412 ne
125 369 180 432 qna
202 351 425 432 deportarentur
447 351 502 410 nisi
523 367 666 413 concessa
689 358 736 413 aut
756 352 933 412 necessaria.
970 352 1061 414 Trans

61 436 191 497 Rhenum
204 453 276 497 vero
295 453 360 494 eum
375 437 451 494 uitae
467 434 596 496 ordinem
610 439 716 513 tenuit,
738 443 769 494 ut
782 433 890 495 sedens
904 436 933 496 iu
948 437 1060 517 cespite

62 519 136 579 nudo
159 519 253 580 cibum
270 526 406 597 caperet,
430 535 520 597 saepe
534 521 598 580 sine
612 521 738 582 tentorio
755 526 957 598 pernoctaret,
977 539 1060 601 prae·

62 612 146 683 cepta
162 605 312 682 sequentis
325 602 382 661 diei
398 602 491 663 omnia
506 603 552 682 (et
564 604 588 662 si
599 604 666 682 quid
677 605 762 666 subiti
773 603 903 664 muneris
912 603 1060 682 iniungen-

36 688 125 748 udum
146 695 244 762 esset,
265 704 319 765 per
334 684 470 762 libellos)
487 685 582 754 daret;
605 686 698 749 addita
710 688 867 750 monitione
884 695 927 765 ut,
951 685 1061 767 dequo

60 773 183 849 quisque
198 769 358 847 dubitaret,
381 786 485 829 senec
501 769 558 828 alio
574 770 733 848 interprete
750 788 933 851 quacumque*
946 770 994 832 uel
1009 764 1060 831 no'·

62 856 116 914 ctis
135 854 206 914 bora
222 860 359 917 uteretur.
389 852 580 932 Disciplinam
596 855 736 913 acerrime
752 857 866 931 exegit,
881 854 1104 928 audradum-19

61 939 171 997 sionum
189 945 218 996 et
238 936 455 1013 ignominiarum
477 935 636 1013 generibus
665 957 702 998 ex
724 938 890 1016 antiquitate
915 940 1060 1018 repetitis,

59 1030 146 1098 atque
160 1021 244 1081 etiam
259 1020 359 1098 legato
373 1021 518 1098 legionis,
535 1019 613 1100 quod
626 1039 738 1099 paucos
754 1020 859 1080 milites
877 1038 939 1081 cum
955 1020 1059 1083 liberto

18 1115 111 1166 10suo
135 1114 213 1165 trans
235 1105 327 1183 ripam
343 1114 478 1166 venatum
493 1106 635 1182 misisset,
658 1107 813 1183 ignominia
830 1113 939 1166 notato.
970 1104 1059 1167 Proe-

57 1190 111 1266 lia,
135 1190 264 1268 quamvis
284 1191 426 1250 minimum
446 1189 578 1250 fortunae
602 1190 774 1271 casibusque
790 1191 985 1270 permitteret,
1008 1190 1058 1251 ali·

57 1281 161 1354 quanto
183 1276 362 1333 constantius
380 1273 470 1333 inibat
489 1275 622 1351 quotiens
643 1275 814 1337 lucubrante
832 1294 881 1356 se,
906 1276 1001 1336 subito
1022 1293 1057 1337 au

56 1357 135 1416 nullo
160 1355 362 1433 propellente,
385 1354 534 1413 decideret
553 1356 650 1415 lumen
673 1366 702 1415 et
716 1360 947 1436 extingueretur,
968 1361 1057 1419 consr-

59 1441 141 1513 dens,
158 1447 187 1495 ut
205 1436 310 1512 aiebat,
327 1444 443 1495 ostento
464 1435 519 1494 sibi
539 1453 554 1494 a
574 1437 730 1495 maioribus
747 1442 806 1497 suis
822 1440 851 1495 in
868 1444 943 1498 omni
955 1442 1060 1499 ducatu

18 1548 48 1588 ιε
60 1520 275 1599 expertissimo.
305 1518 365 1579 Sed
378 1537 411 1578 re
427 1535 572 1598 prospere
590 1526 689 1595 gesta,
705 1537 763 1577 non
777 1519 893 1576 multum
909 1521 978 1579 aluit
992 1523 1059 1599 quin

59 1627 75 1668 a
89 1605 230 1665 Bructero
252 1603 375 1683 quodum
397 1602 595 1679 occideretur,
618 1603 664 1661 cui
678 1601 752 1660 inter
767 1601 916 1680 proximos
933 1607 1058 1665 versanti

57 1699 87 1751 et
108 1686 299 1767 trepidatione
321 1688 438 1748 detecto
459 1687 608 1747 tormentis
624 1704 766 1766 expressa
784 1685 931 1745 confessio
949 1695 994 1746 est
1012 1704 1064 1762 cuff-

57 1773 138 1852 gitati
152 1771 300 1833 facinoris.
328 1773 355 1833 A
372 1772 524 1832 Germania
541 1771 569 1830 in
581 1770 683 1830 urbem
698 1780 767 1850 post
782 1769 925 1830 biennium
940 1788 1056 1848 regres-
1067 1789 1104 1843 20

57 1876 106 1918 sus
122 1855 305 1936 triumphurn,
330 1874 415 1936 quern
430 1855 595 1933 distulerat,
617 1855 694 1933 egit,
712 1855 956 1935 prosequentibus
973 1855 1058 1915 etiarn

17 1941 179 2019 relegatis,
202 1941 304 2018 quibus
320 1940 502 2019 triumphalia
521 1948 687 2000 ornamenta
703 1940 878 2019 impetrarat.
910 1939 957 2000 Ac
979 1941 1067 2019 prius

57 2043 141 2106 quarn
163 2025 192 2083 in
206 2022 379 2103 Capitolium
394 2025 543 2100 ilecteret,
565 2023 745 2084 descendite
765 2042 849 2083 curru
865 2043 957 2104 seque
974 2043 1058 2103 prae·

57 2109 161 2170 sidenti
179 2107 305 2187 petriad
320 2126 415 2185 genna
429 2108 576 2169 summisit.
602 2108 740 2168 Batonem
754 2107 930 2168 Pannonium
944 2109 1057 2186 ducem,

56 2193 222 2271 ingentibus
244 2192 378 2254 donatum
400 2193 550 2270 praemiis,
572 2193 740 2252 Ravennam
758 2191 915 2268 transtulit,
936 2194 1057 2269 gratiam
1081 2224 1085 2230 ι

56 2277 206 2354 referens,
230 2276 307 2356 quod
329 2295 361 2337 se
383 2276 525 2355 quondam
542 2294 605 2335 cum
620 2278 750 2336 exercitu
765 2276 915 2354 iniquitate
929 2275 988 2334 loci
1005 2276 1057 2334 cir·

19 2361 234 2423 uscumclusum
254 2379 358 2440 passus
381 2369 461 2420 esset
481 2359 615 2421 eradere.
646 2359 797 2420 Prandium
820 2358 923 2419 dehinc
948 2357 1057 2438 populo

55 2446 134 2507 mille
156 2446 279 2524 mensis,
301 2451 330 2506 et
350 2445 526 2523 congiarium
544 2452 681 2504 trecenos
705 2462 833 2505 nummos
848 2444 954 2503 viritim
970 2441 1057 2502 dedit.

55 2529 209 2591 Dedicauit
235 2538 264 2589 et
286 2527 469 2591 Concordiae
495 2527 610 2606 aedem,
638 2529 707 2588 item
726 2528 854 2590 Pollucis
877 2537 907 2588 et
927 2527 1057 2589 Castoris

56 2632 109 2676 suo
136 2613 290 2693 fratrisque
316 2616 445 2691 nomine,
475 2612 511 2674 de
537 2611 686 2674 manubiis.
724 2613 769 2672 Ac
790 2631 848 2673 non
869 2613 957 2673 multo
980 2613 1097 2692 post,2l

56 2700 126 2776 lege
151 2715 204 2776 per
221 2698 356 2760 consules
372 2699 429 2760 lata
444 2708 473 2759 ut
488 2699 655 2778 provincias
671 2716 733 2759 cum
749 2699 882 2776 Augusto
903 2698 1056 2758 communi-

21 2802 46 2843 eo
56 2792 101 2844 ter
124 2781 333 2843 administraret
354 2782 494 2862 simulque
516 2800 632 2842 censum
649 2791 764 2860 ageret,
788 2782 903 2842 condito
922 2782 1014 2842 lustro
1029 2783 1058 2840 in

55 2866 202 2943 Illyricum
224 2868 375 2946 proiectus
399 2876 452 2932 est.
482 2866 519 2927 Et
542 2870 636 2929 statim
659 2885 696 2927 ex
710 2868 814 2927 itinere
831 2875 987 2926 reuocatus
1002 2867 1058 2924 iam

57 2950 171 3031 quidem
186 2950 343 3028 adiectum,
358 2950 410 3011 sed
424 2959 518 3012 tamen
532 2954 690 3030 spirantem
705 2949 798 3011 adhuc
813 2949 975 3027 Augustum
990 2967 1056 3029 rep·

56 3035 133 3115 perit
149 3035 258 3115 fuitque
274 3052 329 3094 una
348 3043 465 3095 secreto
482 3053 535 3114 per
551 3044 640 3096 totum
655 3034 738 3095 diem.

119 3119 189 3180 Scio
204 3118 294 3198 vulgo
311 3136 478 3198 persuasum
494 3121 591 3198 quasi,
614 3136 738 3196 egresso
753 3127 820 3199 post
835 3126 979 3178 secretum
994 3134 1053 3175 ser·

23 3222 169 3268 amonem
191 3203 323 3280 Tiberio,
346 3221 405 3265 vox
418 3202 542 3281 Augusti
563 3222 616 3282 per
637 3202 831 3264 cubicularios
852 3210 977 3280 exceptu
997 3199 1051 3260 sit:

56 3287 204 3350 Miserum
222 3287 370 3368 populum
396 3287 433 3348 rt.
463 3287 515 3368 qui
538 3286 595 3348 sub
618 3292 681 3348 tum
702 3287 791 3349 lentis
812 3285 951 3347 mamillis
976 3284 1048 3345 criti

56 3372 101 3434 Ne
109 3372 179 3433 illud
188 3371 412 3452 quidemignoro
426 3371 538 3451 aliquos
553 3371 716 3452 tradidisse,
725 3373 885 3451 Angustum
899 3370 1056 3449 palamnec

58 3457 269 3519 dissimulanter
283 3474 393 3518 mortum
412 3457 473 3518 eius
488 3455 629 3517 diritatem
645 3457 719 3519 adeo
732 3456 923 3524 improbasse.
937 3464 967 3517 nt
984 3471 1054 3513 non-
