2334 3870
80 178 119 240 10
170 186 200 233 c.
220 181 371 232 surrour
387 180 514 240 annuo.
529 181 577 227 nn
591 181 674 227 urus
690 179 878 231 caussatur
892 183 968 232 ure.
985 184 1012 234 1.

80 344 218 423 Campum
234 337 400 415 Stellatem,
423 336 579 398 maioribus
594 344 812 415 consecratum,
827 355 999 418 agrumque
1015 338 1098 403 Cum·

80 446 201 509 panum,
223 423 258 485 ad
275 421 402 482 subsidia
418 424 461 481 rei
477 420 611 500 publicae
626 420 801 497 vectigalem
818 420 978 501 relictum,
1002 424 1100 486 diuisit

81 522 163 573 extra
179 517 288 570 sortem
304 506 339 566 ad
355 506 456 582 viginti
472 505 585 565 milibus
601 504 719 581 civium,
735 505 839 582 quibus
854 509 934 566 terni
951 508 1098 587 pluresve

79 595 164 658 liberi
187 599 295 653 essent.
339 588 514 649 Publicanos
537 590 735 649 remissionem
759 591 887 668 petentis
908 595 1003 654 tertia
1027 612 1096 655 mer·

81 679 182 740 cedum
206 684 289 757 parte
311 674 469 751 relevavit,
490 692 541 751 ac,
564 692 600 733 ne
621 674 649 732 in
668 671 816 733 locatione
836 690 989 739 novorum
1008 681 1108 739 vectii

79 765 187 842 galium
211 758 417 819 inmoderatius
438 758 610 835 licerentur,
639 756 791 836 propalam
813 761 936 819 monuit.
958 758 962 763 ’
989 760 1094 825 Cetera

79 849 165 924 item,
188 859 262 922 quae
290 842 394 921 cuique
417 841 584 920 libuissent,
608 842 759 919 dilargitus
779 849 840 919 est,
865 846 1097 909 contradicente
1160 920 1163 931 Ι

79 931 175 1006 nullo,
197 947 248 1003 ac,
271 928 295 986 si
312 935 466 987 conaretur
486 928 566 1005 quis,
589 925 754 986 absterrito.
798 925 929 987 llurcum
949 927 1098 992 Catonem

80 1012 314 1093 interpellantem
334 1011 446 1071 extrahi
467 1013 544 1070 curia
563 1028 616 1088 per
633 1011 766 1069 lictorem
788 1009 912 1090 ducique
936 1014 972 1072 in
998 1033 1097 1077 carce·
1160 1038 1164 1067 ÷

79 1117 141 1162 rem
160 1095 251 1157 iussit.
295 1092 383 1153 Lucio
402 1095 521 1154 Lucullo
540 1093 660 1153 liberius
680 1094 827 1154 resistenti
850 1103 966 1156 tantum
990 1099 1122 1160 calum-s

79 1185 188 1244 uiarum
202 1186 308 1240 metum
325 1178 437 1255 iniecit,
459 1187 489 1237 ut
511 1177 548 1237 ad
561 1195 657 1254 genua
679 1177 754 1236 ultro
773 1176 828 1237 sibi
848 1179 1022 1244 accideret.
1054 1182 1099 1247 ct·
1166 1249 1167 1258 χ

81 1284 188 1329 oenone
208 1266 238 1324 in
253 1260 358 1322 iudicio
381 1261 504 1342 quodam
520 1261 692 1341 deplorante
712 1272 873 1342 temporum
894 1274 1028 1347 statum,
1047 1268 1099 1329 l'u·
1166 1269 1167 1280 ¹

80 1351 169 1411 hlium
187 1345 318 1408 Clodium
334 1346 477 1407 inimicum
493 1347 572 1424 eius,
593 1345 699 1407 frustra
715 1349 770 1407 iam
786 1347 898 1426 pridem
922 1368 940 1410 a
959 1353 1099 1431 patribus

81 1435 116 1495 ad
132 1432 248 1512 plebem
264 1430 386 1490 transire
402 1432 553 1509 nitentem,
573 1430 675 1491 eodem
690 1429 738 1490 die
752 1430 883 1510 horaque
900 1451 984 1496 nona
1003 1445 1097 1500 trans

81 1519 169 1578 duxit.
214 1516 365 1576 Postremo
385 1515 414 1574 in
434 1517 587 1575 universos
610 1515 743 1575 diversae
765 1514 902 1576 factionis
917 1518 967 1555 ⁸¹*
980 1521 1001 1559 *
1017 1522 1126 1584 indu-u
1166 1591 1167 1606 ,

82 1611 155 1663 ctum
178 1599 327 1680 praemiis,
354 1607 384 1658 ut
405 1618 437 1658 se
458 1598 493 1659 de
516 1599 665 1658 inferenda
686 1599 826 1678 Pompeio
847 1618 923 1661 nece
944 1604 1097 1667 sollicita·
1166 1613 1167 1676 ξ

81 1697 139 1746 tum
155 1703 171 1744 a
187 1682 354 1762 quibusdam
376 1683 578 1760 profiteretur,
600 1681 816 1761 productusque
839 1690 1029 1763 prorostris
1049 1708 1097 1751 au-

82 1778 179 1829 ctores
194 1783 231 1824 ex
250 1772 394 1842 conpacto
414 1765 589 1834 nominaret;
611 1765 664 1824 sed
684 1784 741 1827 uno
763 1775 849 1845 atque
865 1768 962 1830 altero
983 1772 1097 1835 frustra
1162 1818 1165 1827 ·

80 1871 136 1912 nec
157 1851 218 1910 sine
240 1847 408 1923 suspicione
431 1846 539 1906 iraudis
556 1850 725 1927 nominatis,
749 1850 909 1931 desperans
927 1862 989 1917 tam
1009 1875 1096 1937 prae·
1163 1848 1166 1855 ’

82 1935 176 2013 cipitis
192 1929 305 1991 consilii
317 1938 461 2007 euentum,
474 1931 667 2011 intercepisse
682 1952 796 1995 ueneno
808 1935 933 1997 indicem
947 1940 1095 2003 creditur.
1105 1960 1126 2002 u

38 2029 69 2082 21
144 2015 202 2077 Sub
217 2013 293 2073 idem
309 2022 422 2093 tempus
435 2014 633 2095 Calpurniam,
649 2017 680 2078 L.
693 2017 807 2079 Pisonis
823 2019 908 2081 liliam
920 2027 1097 2087 successuri

80 2102 135 2162 sibi
155 2101 183 2159 in
208 2096 375 2176 consulatu,
403 2099 483 2160 duxit
502 2118 640 2180 uxorem,
668 2121 822 2182 suamque,
844 2103 960 2184 Iuliam,
990 2110 1097 2172 Gnaeo

80 2183 220 2266 Pompeio
238 2183 424 2263 conlocavit,
446 2185 597 2265 repudiato
619 2189 720 2267 priore
739 2206 848 2268 sponso
864 2189 998 2258 Servilio
1019 2194 1096 2256 Cae-

80 2271 183 2351 pione,
207 2269 287 2329 cuius
311 2269 358 2330 vel
373 2271 532 2350 praecipua
552 2289 643 2351 opera
661 2273 747 2353 paulo
769 2282 834 2333 ante
849 2272 985 2337 Bibulum
1008 2279 1096 2359 inpu-

80 2363 231 2433 gnaverat.
275 2355 321 2414 Ac
347 2362 413 2434 post
440 2373 544 2416 novam
569 2356 740 2417 adfinitatem
767 2356 934 2439 Pompeium
963 2364 1128 2440 primumn

80 2457 189 2517 rogare
211 2441 380 2499 sententiam
406 2441 518 2518 coepit,
546 2458 609 2497 cum
630 2438 765 2500 Crassum
791 2442 917 2520 soleret,
945 2456 1095 2529 essetque

82 2521 274 2598 consuetudo,
296 2530 327 2580 ut
348 2540 433 2599 quem
450 2521 577 2582 ordinem
594 2523 791 2600 interrogandi
806 2527 965 2589 sententias
980 2533 1094 2595 consul

80 2601 144 2661 Kal.
159 2602 298 2662 Ianuariis
313 2605 499 2682 instituisset,
516 2624 580 2665 euru
596 2615 657 2666 toto
674 2625 748 2667 anuo
765 2620 964 2671 conservaret.

38 2697 72 2749 ῃ
145 2686 258 2745 Socero
278 2686 366 2762 igitur
390 2706 561 2767 generoque
583 2690 823 2771 suffragantibus,
850 2713 888 2756 ex
913 2696 992 2757 omni
1021 2719 1095 2781 pro·

79 2768 238 2829 vinciarum
255 2772 340 2848 copia
354 2770 462 2831 Gallias
474 2773 651 2851 potissimum
667 2775 773 2854 elegit,
791 2779 871 2839 cuius
887 2780 1128 2848 emolumentum

46 2891 49 2898 ι
81 2861 110 2913 et
132 2853 348 2930 opportunitate
371 2855 476 2917 idonea
499 2859 535 2917 sit
549 2859 667 2920 materia
688 2861 904 2941 triumphorum.
947 2864 987 2926 Et
1005 2870 1093 2931 initio

82 2936 194 3016 quidem
216 2933 336 2997 Galliam
359 2937 550 3020 Cisalpinam,
576 2942 696 3023 Illyrico
720 2945 853 3026 adiecto,
878 2948 946 3027 lege
969 2952 1094 3016 Vatinia

82 3021 209 3101 accepit;
225 3037 294 3080 mox
312 3040 365 3100 per
380 3033 508 3086 senatum
521 3025 668 3088 Comatam
687 3048 820 3112 quoque,
836 3034 937 3092 veritis
952 3038 1094 3113 patribus

80 3124 132 3182 ne,
154 3107 178 3165 si
200 3106 255 3184 ipsi
272 3118 444 3187 negassent,
470 3113 596 3192 populus
618 3122 647 3173 et
667 3113 741 3176 hanc
758 3115 847 3176 daret.
893 3118 958 3193 Quo
974 3122 1093 3197 gaudio

81 3189 174 3250 elatus
189 3207 245 3250 non
260 3194 446 3271 temperavit,
469 3198 536 3273 quin
553 3215 663 3276 paucos
679 3209 746 3277 post
761 3199 823 3260 dies
840 3202 986 3280 frequenti
1003 3209 1090 3269 curia
1101 3226 1127 3269 tn

80 3274 217 3353 iactaret,
249 3275 352 3336 inuitis
380 3283 408 3337 et
435 3281 623 3358 penitentibus
653 3284 837 3344 adversarie
874 3285 1019 3364 adeptum
1055 3310 1094 3355 se

80 3374 160 3436 quoe
191 3361 403 3440 concupisset,
429 3363 562 3442 pacincis
585 3385 625 3412 aa
651 3385 685 3412 οη
708 3368 923 3430 insultaturum
948 3374 1091 3439 omnium

81 3441 258 3520 capitibus:
283 3464 318 3505 aa
338 3457 454 3508 pqqantu
496 3448 554 3500 tuci
592 3486 597 3497 .
712 3453 1004 3517 ,tanturmliuwiqosse
1025 3456 1092 3525 hoo
