2334 3870
478 192 509 241 c.
532 192 716 242 omnebus.
1043 186 1101 249 137

100 363 162 404 rum
181 353 211 405 ut
227 345 307 407 irrita
325 354 355 406 et
370 363 457 422 vana,
485 363 680 427 quoscumque
698 347 761 426 quis
776 347 887 410 diceret
902 347 1012 413 herede
1028 351 1102 415 (lae-

101 446 167 488 sare
180 431 251 489 mori
266 429 437 490 destinasse.
477 430 540 505 Quo
555 439 630 492 metu
645 431 754 492 iniecto
771 434 903 494 numiam
918 442 948 493 et
967 433 1002 496 ab
1018 437 1100 514 igno·

102 514 137 571 tis
152 514 227 573 inter
241 513 400 575 familiares
416 521 446 572 et
466 529 483 572 a
498 514 664 592 parentibus
679 516 755 576 inter
768 515 880 577 liberos
900 516 994 596 palam
1011 517 1101 581 lueres

98 606 327 676 nuncuparetur,
354 597 502 657 derisores
517 598 656 675 vocabat,
684 599 760 677 quod
776 609 843 680 post
859 602 1100 681 nuncupationem

74 682 198 740 uvivere
224 688 467 759 perseverarent,
500 689 530 740 et
557 682 650 742 multis
678 693 834 745 venenatas
862 692 985 745 matteas
1013 687 1098 746 misit.

98 761 310 839 cognoscebat
335 772 429 824 autem
454 763 491 825 de
516 763 620 825 talibus
647 767 753 844 causis,
781 776 878 829 taxato
907 769 987 848 prius
1013 768 1099 830 modo

99 864 225 907 summae
241 846 277 907 ad
293 864 377 926 quem
393 848 601 909 conficiendum
622 842 800 930 consideret,
830 851 964 913 coniecto
986 852 1100 913 demum

99 929 286 991 excitabatur.
329 930 376 991 Ac
392 949 430 991 ne
449 931 596 1011 paululum
611 930 725 1012 quidem
740 950 838 992 morae
853 936 982 1011 patiens,
1009 954 1099 1016 super

96 1012 284 1092 quadraginta
305 1033 375 1076 reos
397 1015 541 1094 quondam
563 1034 602 1076 ex
621 1015 745 1076 diversis
771 1015 934 1076 criminibus
958 1037 1013 1080 una
1034 1037 1097 1079 sen·

60 1108 84 1150 m
96 1098 183 1157 tentia
204 1097 422 1176 condemnavit,
447 1099 647 1179 gloriatusque
669 1109 714 1160 est
735 1099 948 1180 expergefacta
965 1118 982 1161 e
997 1118 1098 1162 somno

94 1178 252 1258 Caesonia,
280 1187 427 1262 quonium
440 1184 568 1263 optaret,
591 1184 663 1245 dum
678 1200 716 1244 ec
729 1183 920 1246 meridiuret.

152 1263 302 1325 Auctione*
324 1268 492 1346 proposita,
535 1267 673 1348 reliquias
707 1271 830 1330 omnium
860 1268 1097 1347 spectaculorum

93 1347 216 1407 subiecit
232 1367 268 1406 ac
286 1347 461 1423 venditavit,
486 1352 642 1426 exquirens
664 1368 717 1426 per
734 1371 768 1412 se
784 1353 879 1429 pretia
896 1361 926 1412 et
947 1370 1038 1433 usque
1058 1370 1094 1414 eo

95 1430 274 1506 extendens,
304 1439 335 1489 ut
355 1428 467 1508 quidam
487 1433 626 1489 immenso
654 1435 749 1491 coacti
776 1434 914 1510 quaedam
935 1452 1034 1494 emere
1062 1453 1097 1494 ac

61 1513 181 1572 arbonis
201 1515 279 1572 exuti
300 1530 390 1572 venas
413 1511 468 1572 sibi
495 1510 664 1572 inciderent.
707 1512 784 1572 Nota
813 1532 861 1573 res
892 1524 951 1591 est,
979 1516 1096 1592 Aponio

96 1598 249 1657 Saturnino
267 1597 341 1656 inter
355 1595 493 1657 subsellia
517 1596 701 1672 dormitante,
733 1596 869 1655 monitum
884 1613 901 1655 a
918 1596 989 1657 Gaio
1013 1612 1096 1675 prae·

95 1698 197 1741 conem
221 1698 257 1739 ne
282 1682 458 1759 praetorium
483 1682 574 1740 virum
600 1677 704 1739 crebro
730 1680 833 1757 capitis
853 1686 931 1738 motu
952 1687 1097 1741 nutantem

94 1764 149 1824 sibi
165 1768 354 1842 praeteriret,
382 1782 438 1824 nec
456 1764 562 1825 licendi
580 1765 666 1824 linem
686 1764 811 1841 factum,
841 1761 936 1842 quoad
958 1762 1096 1823 tredecim

94 1847 271 1925 gladiatores
297 1851 433 1908 sestertio
465 1850 606 1926 nonagies
637 1848 781 1926 ignoranti
808 1847 1020 1907 addicerentur.
1063 1845 1138 1906 luta

58 1941 84 1982 ²⁰
95 1931 188 1993 Gallia
204 1949 334 2011 quoque,
363 1949 427 1991 cum
446 1932 638 1993 damnatarum
660 1949 792 1992 sororum
814 1938 980 1991 ornamenta
998 1939 1029 1991 et
1049 1948 1094 1990 su-

93 2014 273 2095 pellectilem
295 2023 324 2075 et
345 2031 449 2076 servos
469 2025 555 2095 atque
576 2016 662 2076 etiam
682 2015 805 2075 libertos
827 2016 971 2076 immensis
993 2015 1095 2093 pretiis

92 2098 284 2175 vendidisset,
317 2099 449 2158 invitatus
478 2099 578 2175 lucro,
619 2097 755 2177 quidquid
779 2099 956 2158 instrumenti
986 2099 1095 2159 veteris

93 2182 176 2244 aulae
201 2190 264 2242 erat
285 2181 320 2241 ab
347 2181 418 2241 urbe
443 2184 577 2260 repetiit,
612 2181 792 2259 comprensis
820 2180 855 2240 ad
886 2180 1095 2261 deportandum

92 2267 247 2327 meritoriis
263 2282 379 2345 quoque
400 2264 540 2325 vehiculis
557 2273 586 2324 et
607 2263 827 2342 pistrinensibus
847 2265 994 2340 iumentis,
1021 2261 1094 2323 adeo

56 2359 123 2410 aaut
147 2358 177 2410 et
199 2350 281 2429 panis
307 2349 419 2411 Romae
439 2366 529 2426 saepe
550 2348 690 2408 delineret
710 2356 740 2407 et
756 2345 1094 2426 litigatorum'plerique,

93 2432 172 2514 qnod
186 2451 343 2494 occurrere
359 2433 495 2494 absentes
511 2431 546 2492 ad
560 2431 749 2492 vadimonium
771 2449 828 2490 non
843 2439 978 2511 possent,
1008 2445 1095 2490 causa

93 2517 241 2579 caderent.
286 2516 339 2578 Oui
359 2518 545 2578 instrumento
567 2514 752 2576 distrahendo
773 2514 842 2575 nibil
864 2532 921 2575 non
936 2512 1044 2574 iraudis
1060 2529 1095 2572 ac

92 2601 229 2664 lenocinii
246 2601 380 2680 adhibuit,
398 2601 484 2662 modo
501 2600 637 2661 avaritiae
653 2599 784 2676 singulos
800 2601 955 2678 increpans
974 2604 1003 2657 et
1017 2595 1094 2676 quod

93 2704 151 2747 non
167 2685 290 2765 puderet
308 2703 361 2747 eos
389 2684 601 2764 locupletiores
628 2701 795 2763 essequam
816 2700 868 2759 se,
895 2680 980 2741 modo
996 2681 1094 2761 paeni·

54 2780 83 2823 ³0
93 2771 211 2831 tentiam
237 2771 372 2831 simulans
399 2768 476 2850 quod
502 2766 701 2848 principalium
724 2786 820 2827 rerum
844 2766 964 2844 privatis
982 2765 1096 2844 copiam

92 2854 214 2916 faceret.
260 2853 451 2932 Compererat
472 2850 680 2933 provincialem
702 2850 879 2929 locupletem
905 2848 1028 2909 ducenta
1049 2865 1095 2909 se·

93 2940 194 2999 startia
223 2955 391 2999 numerasse
422 2935 621 3012 vocatoribus,
654 2943 685 2995 ut
708 2953 762 3013 per
792 2933 936 2994 iallaciam
961 2931 1095 2992 convivio

92 3024 344 3101 interponeretur,
370 3039 425 3081 nec
440 3021 544 3081 tulerat
556 3019 681 3080 moleste
693 3026 749 3079 tam
762 3034 867 3094 magno
883 3014 1027 3077 aestimari
1043 3012 1094 3076 bc·

92 3122 195 3168 norem
217 3124 325 3167 caenae
349 3123 434 3174 suae;
465 3103 532 3164 huic
551 3110 672 3182 postero
695 3102 740 3162 die
771 3100 884 3162 sedenti
911 3101 940 3159 in
963 3096 1096 3159 auctione

55 3191 184 3269 remisit,
214 3192 261 3271 qui
275 3190 376 3251 nescio
395 3189 462 3268 quid
481 3187 579 3248 irivoli
595 3186 725 3247 ducentis
741 3185 854 3247 milibus
876 3182 1005 3245 traderet
1019 3179 1083 3241 dice

92 3284 213 3356 retque,
244 3282 428 3337 caenatnruna
444 3271 518 3353 apud
535 3269 691 3331 Gaesarem
706 3278 810 3331 vocatu
825 3268 924 3348 ipsius.

155 3357 321 3436 Vectigalia
341 3375 418 3418 nova
439 3365 525 3435 atque
550 3355 674 3415 inaudita
701 3356 823 3433 primum
839 3368 894 3431 per
915 3348 1138 3430 publicarentur

95 3442 216 3521 deinde,
246 3443 311 3512 quia
329 3441 439 3502 lunarum
464 3437 642 3492 artubus-nbat
681 3455 735 3488 rm·
753 3437 936 3495 nonturinnos
955 3432 1094 3493 *ribuarins-
