2334 3870
444 187 675 246 oomrrmuus.
999 187 1062 250 ata

63 350 277 432 exemplaribus
288 350 413 429 undique
425 351 538 430 petitis,
555 352 710 430 missisque
721 350 936 414 Alexandream
949 354 996 435 qui
1013 349 1062 417 de·

63 436 224 497 seriberent
236 435 489 513 emendareatque.
514 435 673 516 Numquam
686 445 781 497 tamen
792 446 841 498 aut
850 437 989 500 historiae
1000 457 1062 502 oar·

62 521 222 582 minibusve
241 519 398 581 noscendis
417 536 536 599 operam
553 521 639 582 ullam
662 531 710 582 aut
727 521 795 582 stilo
820 521 868 582 uel
891 527 1061 585 necessario

63 605 149 665 dedit.
188 605 309 666 Praeter
330 606 551 666 eorumentarios
573 614 603 666 et
624 615 690 667 aeta
712 605 812 668 Tiberi
835 603 971 668 caesaris
991 606 1062 669 nibil

38 689 225 760 alectitabat3
242 689 383 769 epistolas
395 690 599 769 orationesque
611 699 640 750 et
651 690 746 751 edicta
758 690 854 752 alieno
866 690 1062 752 iormabatin·

59 776 160 853 genio.
183 773 334 834 Sermonis
345 782 441 834 tamen
451 790 507 834 nee
519 773 703 852 inelegantis,
715 774 856 836 dictorum
868 775 1010 836 interdum
1021 782 1062 836 et·

59 861 117 919 iam
134 856 319 935 notabilium,
346 855 459 920 Vellem
481 859 573 937 inquit
592 865 655 919 tom
671 857 831 938 formosos
855 877 940 937 esse,
970 875 1064 940 quom

61 941 197 1002 Maeliana
207 940 270 1003 sttt
281 941 403 1004 cidmor
409 967 425 1017 ,·
437 951 467 1002 et
480 941 627 1004 cuiusdam
639 951 725 1021 capnt
734 945 874 1004 varietate
886 942 984 1026 capilli
996 942 1063 1005 sub·

60 1025 176 1086 rutilum
197 1035 226 1086 et
251 1028 383 1088 incanum
399 1025 565 1106 perfusam
578 1028 679 1088 cicero
692 1027 792 1088 mulso
809 1028 892 1097 dixit;
917 1027 1104 1088 condicio-21

23 1133 50 1174 so
61 1128 125 1171 nem
144 1111 305 1189 principum
321 1112 510 1172 miserrimam
527 1111 637 1189 aiebat,
658 1110 770 1191 quibus
791 1110 830 1173 de
850 1111 1065 1173 coniuratione

60 1200 219 1271 comperto
232 1213 295 1257 occ
311 1195 489 1257 crederetur
502 1196 566 1257 cisi
581 1194 703 1257 occisis.

124 1278 266 1350 Quotiens
277 1280 365 1339 otium
378 1289 474 1356 esset,
495 1281 558 1342 alea
570 1299 602 1339 se
619 1279 801 1357 oblectabat,
820 1281 906 1342 etiam
922 1278 1063 1359 profestis

62 1359 163 1419 diebus
174 1360 376 1438 matutinisque
389 1362 481 1438 boris,
492 1380 526 1421 ac
536 1363 652 1422 lavabat
666 1362 701 1422 de
714 1363 774 1440 die,
790 1362 1008 1442 prandebatque
1027 1362 1064 1422 ad

62 1444 234 1518 satietatem,
246 1451 276 1501 ut
287 1460 345 1502 nou
356 1452 467 1503 temere
479 1461 566 1521 super
581 1461 700 1503 caenam
711 1453 828 1522 praeter
839 1447 993 1506 blatiauum
1004 1461 1062 1503 ma·

25 1528 120 1593 salum
136 1536 164 1587 et
180 1525 322 1587 modicam
341 1528 371 1586 in
388 1526 513 1605 ampulla
532 1526 728 1606 potiunculam
750 1537 884 1586 sumeret.
919 1524 1062 1587 Conviva·

62 1612 145 1672 batur
156 1611 326 1690 frequenter
339 1629 373 1671 ae
388 1611 481 1688 large,
498 1609 550 1669 sed
566 1626 660 1688 paene
677 1612 794 1689 raptim;
814 1619 895 1670 certe
915 1628 974 1670 non
989 1610 1063 1671 ultra
1130 1648 1133 1653 -

61 1696 135 1758 solis
153 1713 306 1774 occasum,
324 1715 379 1756 neo
398 1702 427 1754 nt
446 1704 551 1775 postea
572 1693 787 1755 comissaretur.
819 1693 892 1755 Nam
910 1693 946 1754 ad
961 1693 1063 1754 boram

61 1781 155 1842 somni
165 1780 235 1840 nibil
249 1780 324 1840 aliud
336 1797 420 1859 quam
431 1779 511 1841 solus
522 1787 640 1840 secreto
652 1777 864 1840 deambulabat.

122 1864 259 1925 Libidinis
270 1866 381 1942 nimiae,
397 1865 592 1926 assiduitatem
607 1863 777 1925 concubitus
788 1863 868 1923 velut
880 1862 1107 1923 exercitatio-22

24 1952 214 2026 malagenus
228 1949 394 2028 clinopalen
412 1949 552 2019 vocabat;
575 1958 696 2027 eratque
715 1949 804 2026 lama,
828 1948 909 2028 quasi
927 1945 1064 2007 concubi·

62 2051 115 2092 nas
127 2034 191 2109 ipse
204 2030 367 2092 deuelleret
377 2042 547 2112 nataretque
565 2035 639 2093 iuter
657 2033 872 2111 uulgatissimas
884 2031 1063 2093 meretrices.

63 2115 174 2178 Fratris
192 2115 294 2193 liliam,
314 2114 407 2176 adhue
425 2118 565 2195 virginem
587 2116 713 2177 oblatam
735 2118 763 2176 iu
781 2117 990 2177 matrimonium
1009 2115 1065 2177 sibi

65 2219 129 2262 cum
140 2199 291 2260 devinctus
302 2199 446 2260 Domitiae
457 2201 563 2279 nuptiis
575 2201 804 2278 pertinacissime
816 2209 994 2277 recusasset,
1006 2203 1065 2261 no'n

63 2285 152 2346 multo
166 2293 234 2364 post
250 2285 299 2346 alii
317 2284 515 2361 conlocatam,
530 2287 658 2364 corrupit
671 2285 746 2345 ultro
762 2294 790 2345 et
807 2285 921 2365 quidem
938 2286 1006 2345 uiro
1023 2293 1064 2344 et·

26 2389 54 2430 25
63 2373 119 2431 iam
131 2378 189 2428 tum
200 2369 281 2439 Tito;
299 2386 367 2428 mox
380 2378 462 2446 patre
476 2387 510 2429 ac
521 2370 584 2428 viro
597 2368 727 2429 orbatam
743 2369 943 2430 ardentIssime
956 2368 1064 2450 palam·

65 2471 121 2532 que
135 2452 245 2530 dilexit,
257 2462 287 2512 ut
301 2455 386 2513 etiam
398 2471 485 2514 causa
497 2455 598 2513 mortis
614 2453 741 2514 extiterit
753 2463 873 2517 coactae
891 2461 1066 2532 conceptum

65 2536 270 2615 aseabigere.

128 2620 263 2682 Occisum
278 2640 343 2682 eum
356 2621 482 2702 populus
499 2620 712 2700 indifferenter,
724 2623 807 2682 miles
820 2622 991 2700 gravissime
1003 2621 1110 2682 totitas

65 2707 216 2786 statimque
231 2706 334 2767 Dirum
346 2706 498 2786 appellare
510 2716 631 2768 conatus
643 2715 699 2784 est,
711 2716 829 2786 paratus
842 2715 871 2765 et
885 2706 997 2784 ulcisci,
1011 2705 1067 2766 nisi

28 2813 55 2855 ao
67 2792 155 2852 duces
174 2791 348 2861 defuissent;
367 2791 444 2870 quod
459 2792 573 2870 quidem
584 2792 671 2872 paulo
685 2801 754 2872 post
771 2791 855 2868 lecit,
875 2789 1068 2871 expostulatis

66 2876 101 2938 ad
113 2893 238 2953 poenam
253 2878 484 2955 pertinacissime
501 2877 599 2938 caedis
614 2876 790 2937 auctoribus.
825 2872 934 2936 contra
950 2883 1067 2935 senatus
1153 2870 1161 2876 “

65 2961 139 3022 adeo
158 2960 280 3020 laetatus
297 2969 359 3037 est,
375 2970 405 3021 ut
423 2962 537 3040 repleta
555 2964 686 3022 certatim
705 2962 784 3020 ouria
802 2978 860 3021 non
878 2967 1066 3039 temperaret,

65 3045 134 3125 quin
148 3053 289 3105 mortuum
306 3044 596 3105 contumeliosissimo
613 3053 698 3123 atque
716 3044 906 3105 acerbissimo
923 3042 1067 3105 adclama-

64 3132 173 3191 tionum
190 3147 304 3207 genere
321 3130 485 3207 laceraret,
505 3130 602 3190 scalas
620 3130 705 3189 etiam
722 3129 822 3189 inferri
844 3130 1018 3208 clipeosque
1039 3135 1069 3186 et

29 3243 56 3284 35
65 3217 208 3292 imagines
225 3215 287 3274 eius
306 3231 403 3274 coram
416 3214 527 3275 detrahi
540 3223 570 3275 et
580 3213 686 3274 ibidem
698 3214 763 3275 solo
775 3215 866 3292 afiligi
878 3213 1001 3290 iuberet,
1014 3228 1067 3271 no-

65 3301 182 3359 vissime
200 3296 362 3359 eradendos
378 3298 486 3379 ubique
509 3299 607 3359 titulos
627 3298 856 3379 abolendamque
875 3314 988 3358 omnem
1008 3314 1067 3356 me·

64 3385 185 3444 moriam
197 3383 379 3443 decerneret.

128 3468 204 3529 Ante
218 3485 329 3550 paucos
341 3486 426 3549 quam
437 3467 621 3532 occideretur
631 3487 748 3530 menses
763 3470 866 3530 cornix
879 3469 909 3528 in
921 3464 1066 3547 Capitolio
