2334 3870
230 198 508 251 ourunnmoamr
529 198 711 249 umeonuu
735 199 936 261 annroumu.
1024 185 1083 248 301

83 360 204 443 propius
227 373 330 418 causas
350 353 492 415 liburnica
513 355 744 435 praetendisset,
781 371 837 415 nec
866 352 1087 415 adversantibus

84 445 178 505 uentis
196 459 329 502 remeare
341 447 459 520 posset,
475 439 503 499 vi
519 439 648 518 pulveris
661 458 696 501 ac
711 438 830 499 favillae
849 456 1010 518 oppressus
1030 445 1086 515 est,

86 529 133 589 vel
145 527 296 607 etquidem
309 525 495 584 existimante
508 540 595 584 servo
610 541 664 585 suo
679 525 807 599 occisus,
824 540 910 601 quem
923 530 1006 583 aestu
1014 520 1087 582 deu-

86 615 166 672 ciens
181 621 212 670 ut
227 627 330 669 necem
342 607 396 667 sibi
408 616 565 668 maturaret
580 616 723 670 oraverat.
754 603 807 668 lde
824 604 1088 667 librisNatorolis

62 694 236 757 edictorioe
250 692 345 754 Plinii
358 690 449 753 Sacc.
472 688 650 752 XI—XV.
671 737 678 752 .
698 738 705 752 .
727 691 773 751 De
789 691 847 751 hoc
867 690 961 750 refert
983 689 1088 751 Sueto·

85 782 148 840 nius
164 777 348 855 Tranquillus
372 776 450 856 quod
464 776 551 837 valde
563 776 679 835 miratur
692 776 784 835 virum
798 775 968 836 militaribus
984 772 1091 834 ciliciis

87 863 213 924 deditum
227 870 304 922 tanta
320 877 497 940 componere
514 859 647 939 potuisse
662 859 747 918 etiam
762 861 874 919 ratione
890 860 983 929 vitac;
1015 874 1090 932 nam,

86 956 116 1006 ut
131 947 200 1006 dicit
213 945 289 1006 idem
304 945 459 1006 Suetonius
474 944 503 1003 in
516 944 592 1004 libro
608 943 645 1002 de
657 941 736 1002 Viris
748 942 918 1019 illustribus,
935 943 1000 1003 dum
1014 941 1091 1002 idem

85 1030 193 1090 Plinius
209 1030 341 1106 legiones
357 1030 386 1088 in
401 1028 528 1090 Siciliam
544 1028 683 1104 duceret,
704 1027 856 1105 emptione
873 1025 1034 1086 favillarum
1055 1023 1091 1084 ab

52 1131 76 1172 ro
86 1114 179 1173 Aetna
194 1115 381 1173 eructantium
398 1113 586 1192 praefocatus
608 1111 715 1171 interiit
730 1127 804 1170 anuo
819 1111 897 1170 vitae
919 1128 990 1170 suae
1012 1108 1092 1188 quin-

87 1196 256 1274 quagesimo
278 1207 363 1256 sexto
387 1207 416 1256 et
436 1198 465 1256 in
483 1197 584 1257 Sicilia
601 1194 763 1256 tumulatur.
801 1191 914 1256 Breuis
929 1191 1092 1255 adnotatio

89 1279 127 1337 de
145 1278 265 1338 duobus
279 1279 388 1338 Plintis
460 1281 591 1341 collecto
609 1299 666 1357 per
682 1277 829 1341 Ioannem
842 1277 1094 1342 Mausioooriom

93 1359 407 1438 Veronenseuc(oooo
422 1359 646 1440 circitcr1313)
668 1362 754 1439 apud
768 1362 972 1423 Rezzoniccm
988 1371 1004 1422 1
1019 1380 1054 1440 p.
1064 1369 1092 1420 7.

160 1445 204 1494 llis
228 1444 349 1493 librorum
373 1443 410 1492 de
437 1443 530 1494 Viris
555 1442 749 1493 illustribus
772 1445 885 1508 reliquiis
903 1447 977 1494 certis
1001 1444 1094 1493 addere

56 1528 81 1569 tt
91 1525 217 1577 tamquam
234 1527 280 1578 per
298 1521 410 1562 saturam
426 1511 486 1560 libet
505 1510 642 1577 particulas
664 1511 759 1573 aliquot
777 1510 906 1573 chronici,
929 1526 992 1575 quas
1011 1518 1095 1560 utrum

92 1583 211 1634 Suetonio
230 1595 263 1630 an
283 1581 326 1630 alii
346 1581 431 1646 potius
450 1579 566 1645 scriptori
584 1578 676 1628 debere
687 1578 857 1643 Hieronymus
869 1580 993 1631 dicendus
1010 1580 1043 1631 sit
1056 1578 1096 1630 di-

92 1667 164 1702 verse
178 1651 259 1700 doctis
270 1650 354 1700 visum
367 1657 412 1700 est.

153 1717 285 1796 Nigidius
300 1716 436 1797 Figulus,
452 1715 664 1792 Pythagoricus
678 1724 707 1775 et
722 1733 840 1794 magus,
861 1718 889 1777 in
905 1717 994 1777 exilio
1009 1716 1094 1777 mori·

91 1815 138 1865 tur
154 1819 184 1863 o.
202 1809 264 1863 769.
278 1809 342 1863 716.

57 1912 84 1952 20
156 1887 275 1945 Servius
290 1885 435 1964 Sulpicius
450 1885 520 1944 iuris
537 1884 685 1946 consultus
703 1894 731 1945 et
747 1885 777 1948 P.
794 1884 936 1945 Servilius
949 1878 1096 1945 Isaurio'us

94 1968 213 2048 publico
228 1967 330 2027 iuuere
349 1969 418 2028 elati
433 1985 463 2027 o.
482 1976 546 2030 716.

154 2050 288 2110 Artorius
313 2050 443 2111 medicus
461 2048 584 2128 Augusti
599 2062 666 2131 post
682 2050 830 2113 Actiacam
852 2052 1003 2114 victoriam
1027 2071 1095 2116 nau·

93 2137 188 2213 iragio
207 2136 283 2214 perit
298 2152 328 2195 o.
347 2144 414 2195 725.
433 2143 501 2195 726.

157 2219 314 2279 Anaxilaus
337 2218 523 2296 Larissaeus,
545 2219 756 2297 Pythagoricus
779 2230 808 2282 et
829 2239 947 2299 magus,
978 2219 1014 2280 a'lr
1038 2218 1097 2293 Au,-

60 2333 85 2372 25
96 2314 182 2383 gusto
202 2303 274 2363 urbe
289 2302 431 2382 italiaque
447 2303 565 2381 pellitur
581 2322 610 2364 o.
630 2313 697 2366 726.

158 2388 283 2462 Pylades
308 2384 399 2463 cilix,
421 2388 626 2465 pantomimus,
658 2407 722 2448 cum
743 2396 862 2449 veteres
883 2388 939 2468 ipsi
961 2397 1099 2449 canerent

96 2481 181 2550 atque
199 2470 354 2546 saltarent,
371 2471 479 2549 primus
496 2470 606 2533 Romae
622 2473 740 2533 chomm
756 2482 785 2533 et
799 2473 922 2534 fistulam
938 2471 994 2533 sibi
1014 2490 1098 2552 prae·

97 2557 194 2617 cinere
209 2554 279 2614 iecit
294 2571 323 2615 o.
340 2563 404 2615 782.
423 2563 486 2617 733.

157 2638 276 2699 Servius
298 2639 423 2699 Plautius
447 2640 507 2720 [ol.
531 2641 665 2722 Plautus]
696 2643 825 2721 corrupti
846 2641 896 2702 lilii
920 2658 988 2703 reus
1007 2649 1101 2702 semet

60 2726 124 2787 scin
138 2723 243 2783 iudicio
259 2723 393 2783 interficit
409 2740 438 2784 o.
457 2732 523 2785 777.

158 2806 254 2867 lunius
270 2806 379 2885 Gallio,
396 2808 487 2868 irater
502 2810 649 2889 Senecae,
673 2811 812 2888 egregius
835 2810 1015 2871 declamator
1030 2827 1099 2891 pro·

95 2893 159 2972 pria
176 2909 208 2950 se
229 2908 312 2950 manu
330 2891 476 2953 interiecit
491 2910 522 2952 a.
540 2902 608 2954 817.
623 2902 691 2955 818.

158 2973 189 3034 L.
213 2972 349 3034 Annaeus
371 2976 503 3053 Seneca,
524 2975 739 3055 Cordubensis,
771 2988 950 3058 praeceptor
975 2977 1102 3038 Neronis

97 3069 126 3120 et
143 3068 260 3138 patruus
276 3057 383 3118 lucani
401 3069 508 3139 poetae
521 3062 662 3121 incisione
676 3080 813 3123 venarum
828 3072 856 3124 et
869 3080 983 3123 veneno
996 3062 1101 3123 hausto

62 3143 184 3223 asperiit
210 3161 239 3203 o.
267 3151 396 3204 818...
417 3144 499 3205 Sotio
536 3145 726 3225 philosophus
753 3146 983 3227 Alexandrinus,
1017 3165 1102 3229 prae·

99 3236 202 3306 ceptor
217 3228 366 3305 Senecae,
383 3227 479 3288 clarus
500 3227 623 3290 habetur
638 3247 667 3290 o.
686 3238 754 3293 766.
772 3239 839 3293 766.

160 3310 191 3373 t.
209 3313 345 3372 Annaeus
360 3311 469 3389 Melas,
486 3314 618 3375 Senecae
637 3315 729 3376 irater
744 3325 773 3377 et
790 3315 941 3393 Gallionis,
958 3316 1034 3379 bona
1048 3318 1087 3379 lm

97 3397 162 3456 cani
177 3405 284 3474 poetae
299 3395 348 3456 lilii
364 3399 407 3457 sui
423 3415 439 3458 a
453 3395 571 3459 Nerone
586 3410 768 3479 promeretur
785 3417 814 3460 o.
833 3408 899 3461 821.
916 3408 974 3463 822

164 3478 244 3528 'l'trm
261 3479 419 3536 lincunt-tm
437 3480 538 3541 linium·
554 3483 589 3526 dn
607 3485 694 3530 wilra
711 3493 832 3531 πηγαί.
847 3501 868 3528 n.
906 3493 944 3528 i⁹²
