2286 3862
102 189 161 252 156
193 199 221 249 o.
236 191 878 253 suunou1rnauu.osv1nacassnuuu
889 193 964 241 ma.
978 193 1015 243 u.
1059 236 1063 241 .

100 360 188 420 driam
204 353 305 415 crediti
324 348 457 411 servandi
473 367 560 409 cansa
580 357 699 424 secuto,
724 346 831 407 crimen
847 347 1014 408 maiestatis
1031 350 1102 430 apud

100 443 210 503 iudices
225 446 340 496 motum.
367 433 469 493 Plures
493 442 594 493 notare
616 440 752 508 conatus,
774 448 878 507 magua
901 430 1101 511 inquisitorum

101 522 286 604 neglegentia
302 517 354 579 sed
369 534 420 577 suo
434 517 542 577 maiore
555 515 716 592 dedecore,
730 514 865 573 innoxios
880 512 946 574 iere
961 520 1100 597 repperit,

101 608 326 689 quibuscumque
351 601 521 661 caelibatum
543 608 590 659 aut
610 597 761 660 orbitatem
788 606 836 659 aut
854 606 1018 676 egestatum
1038 602 1099 661 obi-

101 701 194 769 ceret,
210 688 342 762 maritos,
360 694 472 764 patres,
489 683 643 763 opulentos
659 700 691 742 se
704 680 910 761 probantibus;
925 698 962 743 oo
974 683 1120 763 quideme

100 778 147 857 qui
165 775 278 836 sibimet
293 772 349 829 vim
370 769 448 829 ierro
470 767 600 827 intulisse
621 765 811 844 arguebatur,
835 766 980 827 inlaesum
994 784 1094 847 corpus

100 868 182 922 veste
206 854 339 935 deposita
363 861 535 913 ostentante.
579 851 706 910 Fuerunt
727 859 755 910 et
776 848 827 911 illu
851 852 879 909 in
899 868 1025 913 censura
1039 852 1099 911 eius

100 941 251 1017 notabilia,
274 936 350 1018 quod
371 935 503 997 essedum
526 943 711 1013 argenteum,
740 942 910 1012 sumptuose
932 934 1100 997 fabricatum

101 1045 136 1088 ac
151 1024 255 1085 venale
271 1021 307 1082 ad
323 1021 485 1096 Sigillaria,
506 1018 607 1078 redimi
624 1016 795 1097 concidique
812 1035 913 1078 coram
935 1019 1117 1098 imperaritf

102 1109 236 1190 qnodque
251 1122 308 1165 uno
324 1103 370 1162 die
384 1102 439 1162 XX
453 1101 546 1161 edicta
563 1103 731 1180 proposuit,
754 1101 827 1161 iuter
842 1120 917 1180 quae
932 1100 1012 1180 duo,
1037 1119 1128 1182 quo-n

101 1212 162 1255 rum
175 1192 266 1250 altero
277 1185 462 1262 admonebat,
479 1194 508 1244 ut
523 1184 604 1244 uberi
619 1187 765 1245 vinearum
781 1195 925 1264 proventu
936 1185 1018 1246 bene
1032 1186 1101 1246 dolia

101 1278 281 1356 pinarentur;
303 1271 413 1346 altero,
440 1268 509 1328 uihil
530 1287 622 1348 aeque
644 1269 743 1328 iacere
772 1268 807 1329 ad
833 1270 954 1349 uiperae
980 1287 1101 1331 morsum

103 1377 186 1439 quam
204 1357 262 1416 taxi
279 1354 392 1415 arboris
408 1372 515 1413 sucum.

63 1454 92 1510 17
163 1439 385 1521 Expeditionem
405 1456 487 1498 unam
511 1438 625 1496 omuino
645 1437 789 1515 suscepit,
814 1454 937 1515 eamque
952 1435 1101 1498 modicam.

103 1527 188 1603 Cum,
205 1525 332 1584 decretis
348 1522 402 1581 sibi
418 1540 434 1583 a
448 1531 548 1582 senatu
567 1521 741 1580 ornamentis
757 1519 1001 1600 triumphalibus,
1017 1520 1127 1581 levio-¹⁵

102 1629 161 1672 rem
186 1608 325 1670 maiestati
353 1605 505 1686 principali
525 1604 635 1664 titulum
658 1603 845 1664 arbitraretur
868 1605 1023 1685 velletque
1042 1605 1103 1665 iusti

102 1693 235 1772 triumphi
248 1691 353 1765 decus,
367 1689 442 1748 unde
451 1688 616 1767 adquireret
627 1687 799 1748 Britanniam
814 1689 998 1766 potissimum
1007 1689 1101 1767 elegit,

102 1796 196 1856 neque
215 1781 381 1851 temptatam
397 1772 447 1831 ulli
466 1780 532 1849 post
542 1771 645 1830 Dirum
658 1771 757 1831 lulium
770 1781 798 1831 et
812 1781 879 1832 tuuc
887 1772 1102 1833 tumultuantem

103 1861 140 1923 ob
150 1877 207 1919 nou
216 1856 346 1916 redditos
360 1856 533 1931 transfugas.
553 1855 615 1914 Huc
627 1873 690 1914 cum
700 1855 735 1917 ab
747 1855 826 1915 Ostia
836 1858 1008 1935 navigaret,
1020 1854 1101 1917 vehe-

102 1943 188 2003 menti
203 1941 291 1999 circio
304 1938 349 1996 bis
364 1955 457 2016 paene
470 1937 619 1998 demersus
632 1948 687 2016 est,
704 1958 797 2019 prope
810 1938 953 2018 Ligurium
967 1942 1128 2019 iuxtaque

103 2021 282 2085 Stoechadas
299 2021 416 2082 insulas.
447 2023 543 2097 Quare
560 2041 576 2083 a
591 2022 717 2083 blassilia
740 2023 927 2084 Gesoriacum
943 2042 1041 2104 usque
1057 2041 1101 2103 pe

103 2108 193 2167 destri
209 2107 310 2165 itinere
327 2106 479 2182 coniecto,
501 2106 568 2165 inde
584 2109 753 2184 transmisit,
772 2125 807 2168 ao
823 2110 884 2167 siue
905 2107 966 2168 ullo
990 2107 1102 2187 proelio

103 2201 150 2252 aut
161 2191 301 2269 sanguiue
313 2191 385 2250 intra
398 2191 588 2268 paucissimos
600 2190 663 2250 dies
675 2201 757 2271 parte
766 2191 877 2251 insulae
888 2192 922 2252 in.
929 2190 1103 2253 deditionem

103 2284 240 2354 recepta,
266 2283 351 2333 sexto
377 2291 460 2352 quam
484 2274 633 2354 proiectus
658 2284 719 2335 erat
743 2292 842 2335 mense
861 2275 986 2337 Romam
1013 2274 1103 2352 rediit,

102 2359 342 2438 triumphauitque
355 2359 478 2418 maximo
494 2366 642 2439 apparatu.
664 2358 710 2418 Ad
723 2359 801 2418 cuius
814 2358 1016 2437 spectaculum
1030 2370 1131 2421 com-²⁵

102 2462 199 2502 meare
215 2444 242 2500 in
257 2441 357 2501 urbem
369 2460 425 2502 uon
438 2442 531 2502 solum
545 2441 726 2521 praesidibus
740 2444 951 2520 provinciarum
963 2443 1103 2523 permisit,

102 2526 300 2585 verumetiam
317 2526 448 2585 exulibus
466 2525 647 2604 quibusdam
673 2535 758 2604 atque
779 2528 854 2586 inter
875 2526 994 2588 hostilio
1011 2526 1105 2607 spolia

102 2609 233 2668 navalem
246 2625 381 2668 coronam
395 2610 512 2686 fastigio
524 2609 670 2669 Palatinae
686 2609 785 2670 domus
801 2611 879 2670 iuxta
895 2612 1021 2673 civicam
1034 2611 1105 2687 lixit,

103 2692 215 2750 traiecti
231 2700 260 2749 et
277 2694 357 2767 quasi
373 2692 470 2753 domiti
486 2692 594 2753 Oceani
617 2695 741 2770 insigne.
769 2692 889 2754 Currum
910 2696 974 2755 eius
995 2695 1104 2757 blessa-

101 2773 159 2833 lina
170 2791 244 2833 uxor
256 2784 395 2852 carpento
413 2786 511 2836 secuta
525 2785 582 2846 est;
599 2779 692 2837 secuti
703 2786 732 2837 et
743 2778 924 2858 triumphalia
936 2786 1133 2840 oruamentum

103 2856 205 2917 eodem
219 2856 299 2917 bello
316 2857 427 2938 adepti,
445 2859 496 2919 sed
514 2861 603 2919 ceteri
617 2861 739 2939 pedibus
755 2863 823 2921 etin
839 2870 1003 2941 praetexta,
1020 2860 1104 2925 Gras-

102 2960 150 3000 sus
166 2940 254 3018 Frugi
274 2959 350 3018 equo
366 2943 517 3021 phalerato
536 2953 565 3003 et
580 2946 607 3002 in
624 2954 707 3004 veste
725 2945 861 3024 palmata,
879 2944 956 3025 quod
972 2963 1039 3006 eum
1055 2946 1105 3006 ho·

102 3043 202 3084 norem
217 3027 381 3085 iteraverat.

61 3121 94 3175 18
162 3108 249 3170 Urbis
265 3126 453 3188 annonaeque
470 3129 566 3172 curam
586 3111 792 3171 sollicitissime
814 3130 931 3190 semper
943 3113 1016 3191 egit.
1034 3112 1104 3174 Gum

102 3193 260 3254 Aemiliana
276 3194 452 3271 pertinacius
464 3194 613 3272 arderent,
631 3196 658 3253 in
670 3195 831 3257 diribitorio
843 3196 953 3256 duabus
966 3196 1135 3263 noctibusu

101 3279 219 3355 mansit,
240 3295 275 3337 ac
297 3277 450 3338 deficiente
474 3278 593 3338 militurn
614 3297 648 3338 ac
671 3280 841 3341 familiarum
863 3279 963 3358 turba,
994 3280 1103 3342 auxilio

102 3360 216 3439 plebem
234 3380 287 3441 per
298 3364 481 3440 magistratus
497 3381 534 3422 ex
549 3363 680 3422 omuibus
692 3365 766 3423 vicis
784 3366 959 3424 convocarit
972 3382 1009 3426 ac
1024 3366 1104 3444 posi·

102 3443 138 3502 tis
154 3454 218 3504 ante
234 3464 266 3504 se
283 3464 344 3505 cum
361 3449 483 3525 pecunia
499 3447 593 3523 fiscis,
609 3446 644 3505 ad
659 3447 885 3508 subveniendum
900 3449 1103 3522 hortatorem,
