2334 3870
502 175 675 224 suasurus.
1056 164 1097 226 et

97 328 178 408 plebi
194 328 246 388 luit
262 329 419 394 secedendi
434 347 533 392 rursus
550 350 566 392 a
580 331 721 411 patribus.
755 331 889 393 Claudius
903 331 1023 410 Drusus,
1040 339 1098 392 sta·

96 421 145 472 tua
167 412 219 473 sihi
235 411 395 476 diademata
410 412 446 473 ad
460 413 540 494 Appi
556 416 661 478 lloram
677 418 789 497 posita,
809 415 921 476 ltaliam
938 433 992 495 per
1009 415 1097 476 clien-

97 496 170 558 telas
192 515 338 580 oeoupare
358 501 518 577 temptavit.
559 499 694 563 Claudius
717 501 843 562 Pulcher
864 499 940 579 apud
959 499 1097 577 Siciliam,

97 598 154 641 non
175 584 362 660 pascentibus
384 584 413 642 in
431 585 604 663 auspicando
620 586 707 666 pullis
723 604 757 646 ac
774 604 828 664 per
843 591 1038 662 contemptum
1053 602 1097 642 re·

72 665 212 742 aligionis
233 668 304 726 mari
326 666 482 742 demersis,
504 671 584 747 quasi
603 676 638 729 ct
656 668 793 730 biberent
808 669 933 750 quoodo
950 683 1018 729 esee
1032 667 1098 728 nol·

95 749 175 825 lent,
202 751 345 828 proelium
366 751 470 810 navale
493 751 554 812 iniit
563 748 574 821 ;’
597 762 823 832 superatusque,
846 770 910 813 oum
931 752 1101 813 dictatorem

96 833 196 892 dicere
220 852 236 892 a
259 843 359 894 senatu
374 833 538 913 iuberetur,
562 835 642 896 velut
662 837 765 895 iterum
787 836 917 898 inludens
942 836 1101 897 discrimini

96 916 230 996 publico,
249 918 357 979 Glician
370 921 510 979 viatorem
528 939 607 981 suum
623 920 704 980 dixit.

156 1000 263 1062 Extant
272 1010 301 1062 et
310 1003 479 1062 feminarum
489 1005 623 1083 exempla
632 1004 748 1064 diversa
764 1002 1016 1082 aeque,siquidem
1027 1020 1101 1079 gen-

57 1088 129 1145 roris
150 1086 279 1145 eiusdem
298 1095 417 1167 utraque
436 1086 555 1150 Claudia
572 1090 641 1166 luit,
662 1095 692 1147 et
710 1105 785 1166 quae
803 1103 907 1146 navem
928 1104 990 1145 curn
1011 1086 1102 1144 sacris

92 1171 191 1231 hlatris
217 1170 302 1231 deum
325 1171 432 1232 idaeae
459 1172 670 1247 obhaerentem
693 1171 832 1240 'liberino
861 1169 937 1231 vado
967 1169 1101 1244 extraxit,

93 1265 212 1335 precata
229 1255 399 1334 propalam,
416 1263 450 1315 ot
464 1258 509 1318 ito
524 1256 642 1319 demum
657 1275 693 1318 ae
708 1261 907 1339 sequeretur,
924 1250 955 1314 sd
967 1253 1031 1314 stoa·
1041 1271 1099 1331 pa-

94 1339 203 1400 dicitio
225 1344 382 1398 constaret
389 1361 404 1406 ,·
435 1348 463 1396 et
485 1359 557 1417 quae
579 1360 657 1403 novo
680 1360 762 1403 more
783 1339 918 1400 iudicium
941 1339 1100 1399 maiestatis

95 1421 172 1499 apud
201 1420 339 1499 populum
364 1418 467 1484 mulier
493 1423 593 1500 subiit,
613 1426 697 1503 >quod
718 1429 745 1486 in
767 1423 900 1486 conferta
922 1422 1101 1481 multitudine

59 1520 86 1560 15
98 1522 188 1581 aegre
206 1502 386 1581 procedente
404 1513 542 1580 carpento
558 1505 653 1582 palam
669 1517 834 1586 optaverat,
859 1512 893 1566 at
905 1505 1012 1585 frater
1027 1520 1102 1562 sous

96 1587 229 1649 Pulcher
250 1587 456 1647 revivesceret
476 1594 567 1667 atque
583 1589 693 1648 iterum
707 1593 837 1654 classem
853 1585 1020 1663 omitteret,
1043 1604 1102 1667 quo

95 1674 197 1733 minor
223 1670 316 1732 aaron
339 1671 460 1733 Romae
482 1671 576 1750 foret.
623 1671 778 1736 Praeterea
810 1676 1020 1742 notatissimum
1047 1680 1102 1745 est,

96 1755 235 1818 Claudios
253 1758 356 1834 omnis,
373 1766 501 1837 excepto
519 1757 675 1817 dumtaxat
689 1755 720 1816 P.
740 1756 860 1837 Clodio,
877 1762 924 1840 qui
941 1758 979 1820 ob
1000 1754 1102 1835 expel-

95 1841 211 1902 lendum
232 1841 304 1901 urhe
321 1840 494 1902 Ciceronem
510 1842 628 1920 plebeio
645 1841 752 1901 homini
770 1849 854 1918 atque
869 1847 953 1904 etiam
969 1850 1035 1902 natu
1052 1841 1102 1898 mi-

59 1927 160 1986 2⁰nori
180 1926 208 1984 in
226 1925 410 2004 adoptionem
426 1946 458 1986 se
475 1926 568 2005 dedit,
586 1927 740 2004 optimates
757 1923 981 2006 adsertoresque
999 1927 1103 1986 unicos

96 2010 245 2088 dignitatis
278 2027 312 2069 ac
344 2013 491 2088 potentiae
518 2011 702 2089 patriciorum
731 2025 849 2086 semper
876 2010 980 2089 luisse,
1016 2019 1103 2089 atque

96 2095 238 2156 adversus
254 2093 371 2172 plebem
385 2093 458 2154 adeo
474 2095 621 2154 violentos
637 2103 665 2153 et
681 2102 882 2168 contumaces,
897 2102 927 2152 ut
942 2112 980 2153 ne
998 2095 1102 2174 capitis

97 2177 212 2260 quidem
235 2178 385 2257 quisquam
400 2196 468 2238 reus
487 2178 562 2256 apud
582 2178 721 2257 p‘opulunr
736 2186 847 2237 mutare
864 2184 976 2235 vestem
992 2186 1039 2237 aut
1055 2178 1103 2236 de·

96 2263 213 2343 precari
229 2263 409 2333 sustinuerit;
428 2262 557 2322 nonnulli
571 2263 600 2320 iu
616 2263 806 2322 altercatione
823 2270 852 2321 et
867 2261 962 2338 iurgio
975 2259 1105 2318 tribunos

60 2366 88 2407 aa
98 2347 179 2427 plebi
195 2346 382 2426 pulsaverint.
415 2345 508 2407 Etiam
523 2347 607 2423 uirgo
625 2347 757 2407 Vestalis
767 2347 902 2422 fratrem,
928 2343 1036 2403 iniussu
1055 2358 1105 2420 po-

99 2430 159 2511 puli
182 2430 419 2508 triumphantem,
444 2449 567 2492 ascenso
591 2429 674 2490 simul
699 2428 799 2508 cuim,
821 2448 912 2511 usque
935 2429 964 2487 in
988 2426 1105 2506 Capito·

97 2517 165 2576 lium
185 2524 342 2594 prosecuta
363 2525 423 2593 est,
449 2535 486 2576 ue
511 2526 612 2577 vetare
633 2523 680 2575 aut
700 2515 884 2576 intercedere
907 2514 952 2574 las
975 2512 1107 2590 cuiquam

97 2599 275 2661 tribunorum
291 2609 379 2661 essct.

162 2683 208 2744 Ex
228 2684 282 2745 hac
308 2687 399 2764 stirpe
420 2685 554 2746 Tiberius
576 2684 686 2747 Caesar
708 2703 801 2764 genus
825 2683 926 2761 trahit,
948 2692 977 2742 et
992 2681 1135 2761 quidem3

61 2783 88 2826 ao
99 2777 266 2848 utrumque:
290 2779 439 2849 paternum
454 2790 470 2832 a
488 2770 607 2831 Tiberio
623 2770 758 2847 Nerone,
782 2778 940 2829 maternum
957 2766 992 2851 alr
1007 2767 1106 2847 Appio

100 2852 240 2931 Pulchro,
262 2854 310 2932 qui
332 2853 417 2915 ambo
433 2855 513 2934 Appi
530 2854 619 2917 Caeci
641 2855 690 2915 lilii
711 2855 835 2915 luerunt.
866 2853 997 2913 Insertus
1019 2850 1117 2911 estet.
1145 2878 1155 2899 -.

98 2937 243 2998 Liuiorum
264 2938 404 3016 familiae,
428 2939 567 3020 adoptato
588 2941 617 2999 in
641 2958 703 3000 eam
720 2949 850 3000 materno
866 2955 932 2998 auo.
967 2937 1050 3012 Quae
1065 2934 1107 2994 sa·

99 3021 193 3100 milia,
220 3040 382 3101 quanquam
406 3022 539 3103 plebeia,
565 3034 660 3084 tamen
686 3027 800 3104 etipsa
826 3022 977 3084 admodum
1001 3019 1107 3095 lloruit,

99 3116 169 3167 octo
187 3106 404 3184 consulatibus,
429 3109 560 3168 censuris
578 3108 704 3185 duabus,
727 3108 877 3186 triumphis
891 3106 999 3181 trihus,
1019 3103 1106 3164 dicta-

63 3205 91 3248 aa
102 3198 165 3252 tura
189 3192 274 3252 etiam
296 3210 331 3252 ac
347 3193 515 3270 magisterio
533 3194 659 3272 equiturn
672 3193 829 3263 honorata;
851 3192 929 3252 clara
946 3200 974 3251 et
989 3188 1107 3266 insigni·

99 3273 155 3335 bus
174 3277 262 3352 uiris,
286 3295 321 3336 ac
341 3278 464 3337 nraxirne
486 3277 649 3338 Salinatore
671 3277 841 3357 Drusisqoe.
880 3275 1026 3336 Salinator
1048 3273 1107 3333 uni-

100 3377 204 3420 versas
224 3359 316 3421 tribus
331 3363 360 3421 iu
377 3380 499 3423 censura
514 3364 625 3423 notavit
639 3363 765 3423 levitatis
778 3362 911 3436 nomine,
932 3356 1023 3438 quod,
1044 3375 1108 3416 cum

100 3460 134 3504 se
157 3452 225 3524 post
244 3446 370 3524 priorem
392 3446 571 3508 consulatum
595 3447 681 3508 multa
703 3449 837 3512 inrorata
856 3442 1094 3505 condemnamur
