2334 3870
507 214 612 263 nnnc.
993 204 1053 263 177

58 382 174 455 praeter
189 372 332 451 legumina
348 379 397 431 ant
410 369 511 432 holera
526 371 654 449 veniret,
681 387 745 429 oum
764 378 849 430 antea
871 370 976 430 nullum
996 388 1054 430 non

59 458 170 519 obsonii
187 475 280 535 genus
295 463 524 537 proponeretur;
540 453 638 516 afflicti
654 453 806 535 suppliciis
823 452 986 532 Christiani,
1001 473 1053 532 ge-

57 562 111 604 nus
125 541 269 603 hominurn
284 539 500 619 superstitionis
509 556 603 600 novae
619 557 654 600 ac
662 538 828 609 maleficae;
845 539 926 598 vetiti
941 537 1052 617 quadri-

57 627 202 705 gariorum
216 625 307 701 lusus,
324 623 427 703 quibus
442 624 599 684 inveterata
614 624 730 684 licentia
755 624 864 703 passim
883 621 1054 701 vagantibus

33 710 159 771 sfallere
177 728 212 770 ac
225 709 314 768 furari
335 725 388 786 per
413 707 509 766 iocum
529 709 574 767 ius
595 716 671 776 erat;
694 709 931 784 pantomimorum
951 706 1054 766 factio·

55 813 109 854 nes
126 812 189 854 cum
203 794 274 871 ipsis
295 791 377 851 simul
399 791 566 869 relegatae3
588 790 727 850 adversus
747 791 881 852 falsarios
903 802 971 852 tunc
994 792 1095 869 pri³17

56 896 132 937 mum
161 885 324 955 repertum,
345 894 382 935 ne
408 875 525 937 tabulae
552 875 607 933 nisi
636 883 771 952 pertusae
793 893 828 935 ac
850 885 895 935 ter
916 876 975 937 lino
1000 893 1054 954 per

56 962 198 1022 foramina
215 961 336 1020 traiecto
355 959 593 1038 obsignarentur;
619 967 731 1019 cautum
752 967 781 1017 ιιι
802 962 979 1020 testamentis
997 961 1053 1037 pri-

56 1063 120 1106 mae
136 1044 210 1104 dnae
229 1062 323 1120 cerae,
341 1053 511 1105 testatorum
525 1043 613 1103 modo
627 1043 741 1102 nomine
762 1043 921 1121 inscripto,
946 1053 1056 1102 vacuae

20 1148 46 1190 ιο
55 1129 212 1207 signaturis
228 1127 459 1205 ostenderentur,
475 1146 510 1188 ac
525 1146 561 1186 ne
577 1129 625 1206 qui
641 1127 727 1188 alieni
745 1129 908 1187 testamenti
929 1129 1056 1205 scriptor

55 1214 183 1291 legatum
206 1211 261 1271 sibi
281 1213 454 1282 ascriberet;
478 1214 546 1272 item
568 1220 598 1271 ut
622 1212 786 1290 litigatores
807 1229 861 1291 pro
887 1211 1056 1291 patrociniis

56 1305 166 1356 certam
186 1297 345 1372 iustamque
368 1295 550 1370 mercedem,
572 1313 626 1372 pro
648 1294 785 1354 subsellis
809 1296 915 1356 nullam
939 1297 1054 1356 omnino

56 1381 170 1454 darent,
187 1377 346 1454 praebente
362 1380 474 1437 aerario
488 1378 625 1453 gratuita;
642 1386 729 1453 utque
741 1395 837 1436 rerum
848 1388 914 1438 actu
927 1379 962 1438 ab
975 1396 1054 1439 aera-

57 1464 103 1523 rio
124 1478 229 1520 causae
250 1458 286 1518 ad
308 1458 403 1517 forum
422 1477 457 1518 ac
479 1458 695 1534 reciperatores
715 1460 953 1536 transferrentur,
976 1469 1005 1519 et
1026 1467 1057 1516 ut

19 1566 48 1606 ιι
61 1563 162 1606 omnes
179 1542 393 1621 appellationes
408 1560 425 1602 a
442 1539 583 1600 iudicibus
598 1539 634 1599 ad
649 1548 779 1600 senatum
796 1542 908 1600 fierent.

125 1626 259 1704 Augendi
272 1625 512 1704 propagandique
529 1625 640 1703 imperii
654 1642 749 1703 neque
764 1624 912 1685 voluntate
928 1624 987 1686 ulla
1007 1642 1056 1685 ne·
1065 1636 1100 1690 18

59 1731 117 1791 que
134 1729 188 1790 spe
205 1720 298 1770 motus
315 1728 456 1788 umquam,
478 1710 562 1770 etiam
584 1727 622 1769 ex
640 1707 785 1769 Britannia
806 1707 950 1770 deducere
973 1727 1055 1768 exer-

61 1798 146 1856 citum
163 1796 312 1872 cogitavit,
328 1811 384 1853 nec
398 1795 453 1855 nisi
469 1793 663 1872 verecundia,
685 1811 722 1853 ne
745 1793 911 1854 obtrectare
930 1794 1057 1872 parentis

60 1879 174 1957 gloriae
190 1878 347 1954 videretur,
365 1878 482 1938 destitit.
526 1878 609 1939 Ponti
622 1877 709 1938 modo
729 1896 852 1956 regnum
878 1877 1057 1940 concedente

21 1976 50 2016 20
61 1963 231 2039 Polemone,
254 1964 321 2021 item
340 1961 456 2040 Alpium
478 1962 615 2023 defuncto
634 1960 732 2024 Gotho
756 1963 784 2022 in
805 1963 974 2043 provinciae
997 1962 1056 2022 for·

58 2065 133 2108 mam
147 2045 271 2122 redegit,

123 2130 379 2206 Peregrinationes
394 2129 464 2188 duas
487 2131 600 2188 omnino
622 2130 762 2207 suscepit,
785 2129 1009 2191 Alexandrinam
1029 2139 1057 2190 et
1066 2143 1100 2196 19

60 2213 233 2282 Achaicam;
265 2213 317 2273 sed
343 2211 538 2273 Alexandrina
566 2214 631 2290 ipso
652 2213 843 2291 profectionis
867 2215 913 2275 die
939 2214 1057 2290 destitit,

60 2297 191 2360 turbatus
212 2297 355 2375 religione
378 2296 459 2357 simul
482 2314 518 2356 ao
540 2296 682 2374 periculo.
726 2296 799 2358 Nam
821 2317 883 2359 cum
904 2298 1059 2358 circumitis

22 2381 179 2460 astemplis
194 2383 222 2441 in
238 2382 311 2442 aede
325 2384 435 2442 Vestae
451 2379 623 2457 resedisset,
639 2385 824 2460 consurgenti
840 2385 867 2442 ei
882 2385 1002 2463 primurn
1017 2380 1058 2441 la·

62 2468 139 2528 cinia
154 2464 300 2541 obhaesit,
325 2464 429 2525 deinde
443 2474 521 2524 tanta
537 2464 640 2526 oborta
662 2465 757 2544 caligo
780 2477 840 2545 est,
861 2477 891 2527 ut
912 2467 1059 2546 dispicere

60 2567 121 2612 non
136 2558 245 2628 posset.
288 2549 320 2609 ln
336 2548 446 2609 Achaia
460 2548 596 2609 lsthmum
612 2549 770 2628 perfodere
784 2551 951 2630 adgressus,
973 2569 1057 2631 prae-

61 2645 93 2695 to
111 2634 191 2693 ianos
214 2650 267 2712 pro
291 2635 426 2694 contione
447 2633 482 2693 ad
504 2632 695 2694 inchoandum
718 2652 792 2715 opus
814 2636 981 2697 cohortatus
1004 2645 1058 2714 est,

61 2653 189 2796 tuhaque
205 2719 288 2794 signo
306 2718 373 2778 dato
390 2719 496 2796 primus
514 2719 634 2778 rastello
645 2719 757 2780 hunnum
769 2720 868 2782 effodit
879 2729 908 2780 et
921 2720 1058 2782 corbulae

23 2823 51 2866 ao
63 2810 233 2878 congestam
249 2804 355 2862 umeris
372 2801 483 2862 extulit.
526 2802 649 2863 Parabat
665 2813 694 2863 et
709 2804 744 2864 ad
761 2803 883 2884 Caspias
897 2813 997 2884 portas
1008 2823 1057 2864 ex-

63 2885 254 2966 peditionem,
276 2886 441 2965 conscripta
468 2905 505 2945 ex
529 2885 638 2947 Italicis
659 2907 759 2948 senum
788 2887 892 2967 pedum
917 2887 1059 2949 tironibus

61 2986 139 3030 nova
160 2969 291 3045 legione,
315 2987 399 3047 quam
418 2968 515 3048 hlagni
536 2970 693 3031 Alexandri
715 2971 860 3052 phalanga
882 2971 1059 3053 appellabat.

126 3051 207 3112 llaec
222 3053 323 3130 partim
339 3053 415 3112 nulla
431 3053 671 3133 reprehensione,
693 3058 796 3135 partim
818 3059 903 3118 etiam
922 3075 979 3118 non
1002 3075 1060 3118 me·

64 3136 156 3198 diocri
171 3135 254 3196 laude
272 3136 357 3215 digna
371 3138 399 3196 in
415 3155 501 3199 unum
515 3138 638 3216 contuli,
654 3148 685 3200 ut
699 3159 884 3202 secernerem
905 3161 921 3202 a
943 3140 1056 3220 probris

25 3240 52 3282 sc
68 3239 103 3282 ac
119 3219 279 3280 sceleribus
295 3222 367 3298 eius,
383 3220 418 3281 de
436 3221 538 3300 quibus
554 3222 658 3285 dehinc
674 3225 775 3286 dicam.

126 3304 206 3364 Inter
224 3314 337 3365 ceteras
364 3305 530 3385 disciplinas
553 3309 697 3386 pueritiae
724 3319 857 3389 tempore
880 3309 1003 3370 imbutus
1029 3317 1092 3373 ιιιΙ

64 3389 183 3465 musica,
201 3390 294 3449 statim
310 3399 340 3450 nt
363 3391 512 3469 imperium
530 3391 651 3471 adeptus
672 3403 727 3471 est,
746 3393 892 3473 Terpnum
913 3393 1046 3457 citharoe

64 3471 141 3548 dum,
159 3474 305 3550 thellhel'ss
324 3481 390 3534 funs
412 3482 529 3540 omisit·
549 3475 639 3540 allos,
656 3477 790 3539 arcessiit
810 3477 970 3540 diglat-equs:
991 3497 1036 3528 nnn

118 3576 244 3615 utrorum
846 3563 854 3589 ‘
