2286 3862
80 181 143 246 aaa
353 187 384 237 c.
408 184 571 235 sunnonis
595 180 814 242 nnnnomnnr

81 350 173 412 tribas
197 345 351 411 carminum
371 340 454 402 libris
475 358 512 400 ex
532 339 622 417 longo
642 335 802 398 intervallo
817 342 966 417 quartum
982 338 1101 415 eddore3

81 445 150 515 post
170 434 328 493 Sermones
348 442 420 486 vero
439 423 579 504 quosdam
599 423 695 483 lectos
715 421 827 482 nullam
852 423 907 482 sui
930 425 1102 488 mentiones

82 517 209 580 habitam
225 517 263 574 ita
281 513 319 572 sit
336 519 472 590 questus:
494 506 601 569 Irasci
612 524 661 567 me
680 504 738 567 tibi
750 505 854 584 scito,
882 507 977 587 quod
994 526 1055 571 mors
1072 511 1101 573 is

81 602 239 683 plerisque
253 598 319 658 eius
337 594 423 656 modi
435 592 565 671 scriptis
579 608 696 653 mecum
714 589 928 669 potissimum
946 590 1100 673 loquum·

83 704 125 748 au
139 684 259 746 cereris
271 699 311 742 ne
326 678 414 758 apud
425 683 570 755 posteros
583 674 701 755 infame
714 672 770 736 tibi
784 674 846 752 sit,
866 674 1117 756 quodoideurisr

81 768 254 850 familiaris
264 763 356 826 uobis
371 764 462 823 esse?
497 760 712 840 Expressitque
727 757 882 836 liclogam
902 760 944 821 ad
959 778 1011 839 se,
1025 764 1098 823 enus

82 856 190 916 initium
207 859 266 911 esi:

238 936 304 995 Cum
324 942 362 993 tot
373 938 511 992 sustineas
525 940 551 990 et
565 938 641 989 tome
654 934 761 1006 usqotia
775 932 867 1003 solers,

237 1021 296 1078 Res
310 1020 400 1077 Italas
417 1021 504 1076 armis
519 1020 628 1087 tuteris,
646 1017 767 1074 mombus
782 1032 885 1088 ornes,

238 1106 355 1178 Leqrbus
369 1104 511 1160 emmaus.-
531 1106 560 1158 in
569 1102 683 1175 publiea
696 1101 841 1158 commoda
853 1117 1000 1179 peccas,
1082 1114 1098 1157 s

238 1189 271 1244 Si
284 1192 362 1261 lonqo
380 1202 508 1244 sermone
524 1202 619 1243 morer
632 1194 681 1242 tua
695 1194 837 1259 tempora,
854 1186 993 1246 Cacsar.
1132 1194 1135 1199 '

147 1268 252 1328 Habitu
280 1269 414 1345 corporis
441 1267 495 1328 luit
520 1266 619 1328 brevis
645 1276 732 1347 atque
753 1264 885 1345 obesus,
920 1270 1030 1349 qualis
1047 1278 1086 1331 ets

85 1354 259 1430 semetipso
276 1353 304 1411 iu
320 1353 421 1412 Satiris
438 1350 613 1412 describitur
630 1360 659 1411 et
676 1349 712 1411 ab
727 1349 866 1428 Augusto
885 1352 954 1414 hac
972 1353 1089 1435 spirutu

85 1436 216 1500 Pertulit
239 1435 283 1496 ad
304 1454 352 1496 me
380 1434 515 1515 Onysius
536 1435 671 1497 libellum
693 1441 791 1511 mum,
822 1452 923 1515 quem
953 1457 1017 1521 eqo
1035 1446 1092 1501 esto

88 1528 256 1597 causante,
291 1521 588 1601 quantuluscumque
608 1526 668 1596 est,
706 1518 780 1581 boni
805 1521 963 1585 consulo.
1012 1522 1105 1585 Vereis

87 1612 188 1667 aulem
203 1605 279 1665 milei
298 1605 417 1666 uideris
435 1623 473 1665 ne
492 1605 630 1666 maiores
646 1602 744 1665 libelli
763 1602 808 1663 tui
825 1604 912 1682 sint,
933 1608 1059 1689 quam·

88 1707 145 1760 es,·
175 1688 231 1749 sed
244 1688 301 1750 tibi
314 1696 438 1750 statura
453 1688 553 1765 deest,
576 1688 795 1767 corpusculum
811 1706 876 1749 non
899 1689 1011 1755 deest.
1047 1624 1096 1755 z:

85 1792 144 1855 que
172 1772 275 1835 licebit
298 1774 331 1833 iu
352 1772 526 1835 sestariolo
547 1771 689 1849 scribas,
714 1777 749 1833 ul
768 1772 929 1835 circuitus
946 1777 1097 1841 voluntale

85 1859 131 1921 lui
143 1858 185 1919 sil
197 1847 462 1937 ὀγκωδέστατος,
483 1857 563 1917 sicud
580 1864 626 1917 est
642 1856 807 1917 uentriculi
819 1856 873 1917 tui.

152 1941 198 2001 Ad
213 1960 261 2001 res
279 1940 423 2002 Venerius
438 1942 677 2019 intemperantior
692 1938 829 2009 traditum
849 1941 936 2021 [nam
955 1948 1110 2028 ipserum

87 2024 222 2086 cubiculo
239 2034 337 2087 scorta
353 2027 456 2088 dicitur
471 2023 608 2086 habuisse
627 2025 784 2104 disposita,
801 2033 831 2084 ut
846 2044 1051 2113 quocumque
1064 2050 1097 2093 re

84 2110 235 2188 spexisset
257 2110 296 2169 ibi
320 2112 348 2171 ei
369 2112 465 2187 imago
481 2111 575 2170 coitus
591 2108 777 2188 referretur]
806 2107 889 2171 Vixit
905 2113 1098 2193 plurinomia

83 2212 209 2255 secessu
229 2196 304 2254 ruris
327 2196 370 2255 sui
390 2195 489 2254 Sabini
509 2204 558 2254 ant
573 2193 728 2270 Tiburtini,
750 2193 918 2272 domusque
943 2202 1099 2263 ostenditis

85 2281 163 2339 circa
188 2277 306 2338 Tiburni
334 2278 471 2339 luculum.
502 2277 653 2339 Venerunt
678 2280 706 2338 in
730 2294 830 2337 manns
856 2297 947 2343 meas
969 2294 1006 2346 et
1026 2284 1098 2365 nus

84 2364 138 2424 sub
161 2363 244 2423 titulo
267 2365 329 2422 eius
351 2373 380 2423 et
396 2363 521 2442 epistola
537 2380 625 2442 prosa
641 2364 772 2423 oratione
788 2365 870 2442 quasi
894 2370 1097 2433 commendas

84 2450 121 2508 tis
137 2466 169 2507 se
186 2445 364 2525 Maecenati,
385 2447 437 2508 sed
455 2457 577 2527 utraque
593 2446 668 2508 falsa
689 2456 775 2527 puto;
797 2465 861 2507 nam
883 2447 985 2531 Elegi
1008 2456 1097 2535 vulga

84 2551 148 2601 res,
166 2532 290 2610 epistola
309 2533 395 2592 etiam
412 2532 556 2608 obscura,
575 2550 632 2610 quo
648 2533 718 2592 vitio
732 2532 847 2592 minime
864 2536 1047 2603 tenebatur.

147 2614 238 2676 Natus
262 2625 306 2676 est
326 2614 377 2676 Vl.
401 2615 470 2676 idus
491 2615 666 2676 Decembris
685 2616 716 2677 b.
739 2614 824 2678 Cotta
846 2626 876 2677 ot
896 2617 931 2680 b.
950 2618 1096 2705 Torquato

86 2699 270 2776 consulibus,
293 2700 422 2761 decessit
443 2700 479 2759 V.
495 2699 543 2759 ΚΙ.
564 2699 736 2761 Decembris
754 2699 1096 2771 catarascensis

85 2791 115 2842 et
136 2779 169 2841 G.
189 2783 291 2844 Asinio
314 2784 398 2845 Gallo
422 2784 590 2845 oonsulibus
612 2793 680 2863 post
705 2802 810 2845 nonum
835 2796 864 2846 et
887 2790 1096 2873 quinquageni

83 2885 158 2926 muru
175 2885 294 2945 aunum,
310 2869 422 2931 herede
437 2867 571 2945 Augusto
590 2869 683 2948 palam
698 2880 875 2951 nuncupato,
895 2890 967 2934 cum
981 2886 1096 2958 urgento

83 2953 112 3011 vi
129 2952 293 3013 valitudinis
319 2971 376 3013 non
399 2953 549 3013 sufficeret
563 2953 599 3014 ad
614 2954 810 3032 obsignandas
824 2963 1005 3022 testamenti
1026 2962 1096 3025 tabe

85 3035 138 3096 las.
175 3034 313 3096 linuatus
329 3047 358 3097 et
374 3039 505 3099 conditus
529 3046 574 3098 est
595 3041 732 3099 extremis
755 3038 895 3117 Esquiliis
917 3042 1009 3109 iuxta
1028 3046 1096 3108 itae

86 3121 197 3179 senatis
218 3120 364 3180 tumulum.
388 3121 506 3184 Exstat
518 3121 672 3184 daecoila
692 3124 725 3185 in
742 3123 960 3202 compluribus
976 3128 1098 3195 Horati

84 3201 261 3280 codicibus,
288 3205 370 3266 uude
392 3206 514 3284 primus
537 3208 671 3286 protulit
689 3209 894 3288 Suetonioque
924 3213 1091 3280 uindice·

84 3282 194 3346 Petrus
208 3285 350 3351 Nunnius
365 3306 395 3349 a.
414 3298 502 3352 1548.

145 3369 284 3432 Aemilius
299 3373 399 3433 blacer
412 3373 593 3436 Veronensis
611 3385 699 3455 poeta
717 3378 745 3437 in
760 3376 830 3436 Asia
846 3379 976 3444 moritur
987 3403 1021 3449 a.
1040 3392 1097 3451 m.

150 3451 268 3516 Ovidius
289 3457 367 3517 Naso
385 3459 513 3519 nascitur
526 3460 555 3520 in
571 3460 700 3539 Pelignis
724 3477 755 3521 a.
782 3469 846 3523 712.
868 3469 928 3525 713
949 3510 960 3529 .
982 3515 992 3531 .
1013 3516 1022 3533 .
1041 3470 1099 3535 orl·
