2286 3862
103 169 163 232 240
187 182 218 229 c.
232 178 381 229 sunnonr
398 176 525 237 nanno.
539 176 587 224 on
603 175 689 222 vrrs
704 172 889 223 cananum
898 174 978 225 un.
989 178 1069 229 nm.

103 354 182 414 nam,
208 336 311 416 partim
331 331 422 393 subici
440 349 475 391 ao
497 331 597 390 venire
611 330 779 408 imperarit,
801 330 909 409 partim
929 331 962 391 in
984 336 1104 414 asperri-

103 438 163 480 mas
180 418 335 479 insularum
351 414 445 476 avehi.
480 414 577 493 thue
592 414 676 474 etiam
693 411 798 473 similia
819 413 1005 495 quandoque
1028 437 1104 481 ansu-

103 522 152 565 ros
170 511 313 582 perpetuo
333 508 497 575 coerceret,
513 498 602 558 vetuit
616 499 692 557 inter
707 504 807 557 cetera
822 494 862 557 de
878 498 984 561 eaden
999 520 1035 563 re
1044 504 1103 583 plo·

102 587 181 648 ribus
196 587 312 664 legibus
328 586 393 663 agi,
411 584 551 663 quaeriue
567 581 604 642 de
620 582 787 660 cuiusquam
802 579 1007 645 defunctorum
1027 596 1102 649 statu

102 671 177 732 ultra
194 680 293 731 certos
308 685 407 730 annos.
1107 697 1119 736 s

73 762 92 818 9
165 755 364 815 Pontificatum
379 752 531 812 marimum
545 750 611 811 ideo
630 769 662 811 se
680 749 834 829 professus
849 752 992 831 accipere
1003 761 1032 813 nt
1044 772 1092 835 pn-

102 856 149 898 ras
165 845 298 897 servaret
312 853 427 911 manus,
443 833 528 895 fidem
545 835 703 914 praestitit,
717 852 775 894 nec
791 842 897 895 auctor
916 834 1040 916 postiae
1052 855 1095 899 on·

102 922 232 999 iusquam
255 921 336 980 necis
358 938 414 979 nec
438 920 592 996 conscius,
620 919 751 998 quamvis
776 917 923 979 interdum
947 918 1102 983 ulciscendi

103 1022 189 1064 causa
207 1021 265 1063 non
284 1004 415 1080 deesset,
439 1000 675 1080 acupenserem
689 1001 841 1081 sepols'ut
858 1020 960 1083 qaam
970 1005 1100 1083 perdilas

100 1106 169 1148 rum
181 1088 324 1148 adiurans.
347 1087 429 1146 Duos
441 1087 554 1164 patricii
566 1087 684 1163 generis
697 1086 849 1146 convictos
864 1086 895 1147 in
907 1086 1101 1151 adlocutione
1110 1113 1126 1154 n

102 1172 231 1250 imperii,
255 1170 323 1230 nihil
345 1169 465 1247 amplius
487 1188 571 1249 quam
591 1178 621 1229 ut
642 1170 817 1230 desisterent
842 1172 977 1251 monuit,
1003 1172 1100 1235 docens

101 1255 310 1333 principatum
322 1252 392 1332 soto
409 1252 492 1330 dori,
509 1256 534 1313 si
551 1252 618 1333 quid
634 1262 789 1332 praeterea
804 1252 1030 1335 desiderarent,
1045 1276 1096 1339 pro·

102 1338 216 1398 mittens
240 1356 272 1399 se
296 1341 465 1399 tributurum
472 1360 479 1407 ;
503 1347 532 1398 et
555 1338 708 1398 confestim
724 1336 841 1417 quidem
858 1337 896 1399 ad
910 1340 1042 1403 alterins
1054 1360 1099 1403 nn·

102 1431 187 1498 trem,
205 1441 279 1501 quae
294 1422 397 1501 procul
418 1422 537 1499 aberat,
561 1439 700 1482 cursores
721 1439 789 1482 suos
810 1422 904 1500 misit,
931 1426 986 1503 qui
1010 1427 1100 1487 anxiae

103 1505 212 1566 salvum
226 1507 314 1567 frlium
330 1507 507 1584 nuntiarent,
529 1516 658 1567 ceterum
671 1508 753 1585 ipsos
775 1523 834 1566 non
854 1505 957 1568 solum
977 1508 1120 1571 fnnrilindu

103 1607 211 1651 caenae
235 1590 376 1667 adhibuit,
399 1590 498 1650 sedet
519 1591 684 1670 insequenti
707 1590 754 1651 die
774 1589 977 1667 gladiatorum
996 1603 1098 1675 spectt-

104 1673 168 1732 culo
185 1676 262 1735 circa
278 1693 311 1734 se
324 1693 363 1734 ex
384 1674 521 1735 industria
545 1673 706 1735 conlocatis
732 1673 830 1735 oblata
850 1673 906 1735 sibi
930 1675 1102 1740 ferramenta

103 1762 286 1835 pugnantium
313 1758 494 1837 inspicienda
520 1759 661 1836 porrexit.
712 1757 824 1818 Dicitur
851 1759 964 1837 etiam,
993 1762 1102 1843 cogam
1132 1756 1136 1767 '

102 1842 248 1921 utriusque
259 1843 402 1919 genitura,
415 1842 572 1903 imminere
584 1840 733 1903 ambobus
741 1839 917 1921 pericnlum
925 1844 1102 1923 adfirmasse,

101 1940 206 1983 omaro
221 1926 406 2006 quandoque
421 1931 449 1986 et
463 1924 504 1986 ab
520 1926 584 1987 olio
592 1950 608 1997 ,·
624 1927 698 1985 sicut
715 1926 821 1986 evenit.
1107 1948 1137 1999 s¹

165 2007 295 2070 Fratrem
311 2008 438 2069 insidiari
456 2010 583 2069 sibinen
598 2010 788 2087 desinentem,
805 2008 859 2071 sed
870 2028 973 2090 paene
988 2033 1031 2077 ex
1044 2032 1102 2097 pro

101 2091 182 2152 fesso
197 2095 398 2155 sollicitantem
414 2094 571 2171 exercitus,
587 2094 771 2154 meditantem
793 2094 909 2172 fugam,
935 2115 1040 2178 neque
1061 2116 1103 2161 oe

102 2174 200 2239 cidere
218 2196 313 2258 neque
330 2196 476 2257 seponere
492 2196 527 2238 ac
547 2196 584 2238 ne
605 2179 633 2238 in
652 2179 764 2238 minore
784 2176 899 2257 quidem
921 2178 1046 2245 honore
1062 2182 1103 2245 tn-

100 2257 171 2320 bere
190 2264 337 2340 sustinuit,
354 2263 422 2339 sed,
441 2271 501 2323 uta
518 2262 610 2342 primo
625 2263 738 2340 imperii
760 2262 824 2339 die,
847 2274 1026 2329 consortem
1045 2284 1095 2329 nnn

101 2362 308 2426 censoremque
325 2348 424 2408 testari
439 2350 650 2425 perseveravit,
666 2363 877 2425 nonnumquam
892 2358 1024 2413 secreto
1042 2369 1123 2433 pree

100 2427 181 2489 cibus
205 2440 233 2490 et
253 2431 380 2491 lacrimis
399 2449 502 2509 orans,
523 2436 558 2491 at
577 2430 699 2492 landon
719 2435 823 2491 mutuo
845 2447 926 2511 erpa
948 2450 987 2495 ce
1004 2436 1103 2499 om
1142 2465 1143 2512 r

60 2521 92 2573 10
100 2513 192 2573 vellet
206 2532 282 2573 esse.
313 2514 393 2574 lnter
411 2513 484 2575 haec
500 2524 592 2574 morte
608 2524 784 2594 praeventos
799 2522 862 2593 est,
882 2516 1002 2579 maiore
1017 2518 1103 2581 honri·
1142 2527 1143 2536 ’

99 2615 163 2657 num
182 2597 283 2657 damno
300 2616 383 2676 quam
398 2615 461 2658 suo.

163 2680 346 2758 Spectaculis
363 2681 512 2759 absolutis,
529 2684 558 2740 in
574 2699 694 2760 quorum
710 2682 766 2742 fine
779 2681 890 2761 populo
903 2701 1012 2749 coram
1023 2688 1102 2751 nien·

99 2765 147 2823 tim
162 2763 295 2842 fleverat,
310 2764 433 2825 Sabioos
449 2769 521 2844 petit
535 2766 681 2844 aliquanto
696 2765 815 2842 tristior,
833 2766 911 2845 qnod
924 2772 1121 2836 sacrificantis

98 2846 193 2906 hostia
209 2848 361 2926 aufugerat
385 2848 520 2929 quodque
541 2858 714 2928 tempestate
737 2867 842 2910 serena
864 2859 1016 2916 tonuerat.
1047 2854 1100 2919 nc

99 2930 163 2989 inde
181 2930 215 2989 ad
234 2934 352 3009 primam
367 2935 459 2993 statim
473 2935 651 2994 mansionem
667 2933 771 2994 febrim
786 2943 923 3013 nanctus,
949 2956 1020 3001 cnm
1038 2939 1100 3003 inde

98 3013 204 3074 lectica
220 3018 433 3096 transferretur,
454 3019 623 3097 suspexisse
639 3019 742 3079 dicitur
758 3018 873 3079 dimotis
896 3019 1022 3098 pallulis
1036 3042 1098 3089 nae·

97 3097 164 3175 lum,
180 3098 354 3179 multumque
372 3112 548 3181 conquestus
566 3103 647 3181 eripi
660 3101 722 3164 stne·
736 3101 832 3163 vitam
847 3103 1036 3183 inmanem
1052 3126 1099 3173 nt·

97 3200 154 3260 qne
169 3184 247 3244 enim
262 3190 372 3245 calore
385 3185 481 3247 allum
496 3205 584 3248 snum
593 3186 713 3265 factam
720 3186 952 3268 paenitendum,
969 3200 1122 3275 cmccpms

98 3267 359 3329 damnanatione.
397 3269 429 3329 Id
451 3271 535 3349 quale
556 3272 657 3350 fuerit,
681 3289 776 3351 neque
796 3274 861 3351 ipse
882 3274 953 3336 tnnc
975 3278 1101 3358 prodidit

97 3368 192 3430 neque
210 3354 341 3431 cuiquam
355 3353 442 3414 facile
463 3365 622 3417 succurrat.
655 3356 776 3432 Quidam
795 3357 951 3436 opinantur
976 3380 1100 3425 consae

96 3434 222 3498 tudinem
237 3437 435 3514 recordatum,
456 3456 538 3517 quam
559 3458 622 3500 cum
640 3442 737 3502 fratris
758 3458 850 3502 uxore
872 3440 1032 3521 habuerit;
1053 3445 1102 3511 sed
1142 3446 1143 3452 ’
