2286 3862
195 116 278 166 xciv
535 111 741 160 ranusmo.

194 285 230 337 23
244 278 327 331 certis
349 290 463 341 omnes,
483 276 609 343 proprias
631 271 769 327 Arevalus
792 264 799 348 1
824 276 857 330 15
877 270 1027 327 l'ltracr'as
1046 289 1112 346 ego,

194 363 299 416 tracias
312 358 418 417 Basilss·
441 356 558 413 Bambd.
587 355 710 410 trucidas
723 355 826 426 reliqui
837 362 912 411 octo.
948 353 1110 413 masam

196 444 322 511 (idelis,
345 442 396 497 sed
417 440 442 495 is
466 441 518 495 init
532 440 560 495 iu
574 440 635 496 Xll.
671 439 814 496 Thraciam
829 444 942 494 ventum
959 441 1109 498 nominant

194 527 363 584 Aristoteles
379 543 403 597 p.
417 524 586 594 979Weise‚
604 523 734 592 Galenus,
752 522 945 593 Philargyrius
960 524 1002 580 ad
1020 525 1108 598 Verg.

195 610 244 667 ue.
262 615 295 678 1,
313 614 381 678 ⁴298,
402 624 520 663 marmor
534 607 814 673 Pio-Clementinum3
832 606 882 660 cfr.
899 607 1108 666 Zimmermann

194 694 330 750 zeitschr.
350 693 369 746 1.
388 692 414 746 1.
428 693 500 746 AW.
519 697 584 751 1841
602 710 630 763 p.
647 697 706 750 131.
726 683 800 770 1361
824 695 858 749 25
874 688 968 746 Gallia
986 693 1107 752 samua

195 785 223 832 et
243 795 258 833 a
276 776 397 832 secunda
417 793 496 831 mauu
519 775 616 831 Monac
629 783 654 833 1.
681 775 806 845 salacia,
825 775 986 846 patinaria,
1001 779 1108 848 panae

194 860 310 931 reliqui:
334 861 431 914 eadem
447 859 566 915 variatio
587 859 704 928 Etymol.
728 864 827 928 13,11.

255 945 286 999 In
297 943 432 998 Prisciani
447 943 535 998 tribus
548 942 702 1012 locisquod
718 941 870 997 Dorvillius
886 941 1021 999 eonieem
1032 944 1105 1000 Pra-

192 1034 295 1094 toram‚
318 1026 450 1097 probavi,
480 1041 640 1096 quamquam
662 1025 727 1081 libri
752 1031 911 1082 constanter
929 1025 1106 1085 Praetor-nm

193 1113 329 1178 retinent,
352 1109 448 1163 ultimo
469 1110 533 1164 loco
555 1116 692 1180 excepta,
715 1109 762 1163 ubi
778 1110 869 1165 codex
889 1126 963 1166 nnus
988 1118 1022 1168 et
1035 1114 1107 1169 alter

189 1209 343 1266 praemia
368 1193 451 1247 habet
471 1193 517 1247 vel
541 1199 696 1261 poetaram.
742 1191 799 1247 Sed
820 1210 879 1248 cum
900 1194 936 1249 de
953 1193 1107 1253 Pratoruu

193 1277 275 1333 libris
290 1293 336 1331 ras
352 1283 430 1332 extra
442 1275 640 1331 dubitationem
654 1277 746 1347 posita
762 1276 809 1345 sit,
824 1277 992 1334 Praetorurn
1010 1277 1105 1354 ἠΰ)

192 1361 287 1417 Latine
307 1360 450 1430 dicantur,
468 1376 529 1415 cum
550 1360 715 1431 praesertim
735 1375 817 1414 unum
829 1361 996 1418 Prasiorum
1012 1365 1106 1421 lacum

190 1446 316 1501 lsidarus
335 1445 369 1500 da
385 1444 474 1501 Pratis
491 1444 681 1515 decerpserit,
704 1443 750 1499 vel
773 1460 808 1498 ne
831 1444 940 1499 nimium
959 1446 1059 1504 dicam
1079 1449 1104 1504 iu

192 1530 290 1585 libello
318 1529 365 1583 ubi
387 1527 476 1583 Pratis
505 1543 570 1582 usus
596 1533 639 1581 est
665 1527 881 1597 perscripserit,
910 1532 1105 1588 excellentem

192 1611 411 1669 emandationem
426 1626 482 1665 non
495 1610 598 1664 diutins
613 1610 812 1664 excludendam
830 1611 1003 1669 existimavi,
1054 1616 1096 1672 Ge

191 1701 279 1749 terum
303 1693 498 1747 Prisciannsna
524 1708 557 1747 an
583 1691 715 1747 librarius
734 1694 841 1749 erroris
865 1698 1035 1764 arguendus
1059 1700 1106 1770 sit,

191 1793 245 1831 non
261 1775 351 1844 magis
368 1775 489 1829 decerna
506 1791 586 1845 quam
600 1777 655 1831 utri
672 1775 813 1832 Plaetoria
829 1779 891 1848 lex,
909 1779 944 1833 de
971 1797 1029 1852 qna
1049 1783 1106 1839 lle-

190 1858 345 1915 racleensis
360 1859 454 1913 tabula
468 1873 528 1929 cap.
541 1858 604 1914 Vlll
620 1861 700 1914 fldem
717 1861 801 1931 iacit,
817 1861 845 1916 in
858 1861 1025 1920 Laetorium
1039 1882 1106 1924 aar·

190 1947 271 2012 rupta
286 1941 445 2012 imputetur.

251 2025 281 2079 Ρ.
303 2031 371 2096 306,
397 2033 411 2082 1
434 2025 550 2097 palleali
578 2027 647 2083 alias
675 2044 730 2084 non
756 2030 945 2095 nominantur;
973 2035 1109 2104 palaeae

189 2108 342 2178 Martialis,
366 2110 500 2181 palpones
526 2110 628 2167 Plinius
656 2112 734 2167 novit
758 2109 764 2184 Ι
793 2119 810 2173 3
830 2115 859 2168 in
874 2114 942 2170 libra
957 2116 1001 2172 X.
1026 2118 1106 2177 Preti

190 2199 256 2265 puto
286 2183 291 2272 Ι
317 2193 501 2252 ascaloniae
523 2194 701 2266 Tranquillas
722 2196 824 2268 scripsi
842 2213 894 2269 pro
910 2212 945 2253 ao
969 2204 1054 2272 quod
1076 2202 1107 2259 in

190 2278 290 2333 codice
304 2278 409 2348 legitur
421 2276 540 2333 Sitonias
553 2275 614 2352 (vel
627 2274 769 2352 Sidonias)
781 2278 950 2345 Oroandem
965 2284 1109 2343 similiter

190 2379 217 2432 p.
235 2366 296 2429 282,
311 2367 368 2420 3ct
381 2369 399 2421 8
414 2360 534 2417 Sitonius
546 2369 574 2416 et
589 2360 717 2432 Sytonnrs
728 2362 824 2420 Petrus
840 2365 938 2420 Daniel
955 2368 1105 2442 ediderat,

191 2450 219 2497 et
234 2462 262 2515 p.
280 2451 342 2515 306,
359 2453 389 2503 11
409 2446 500 2500 codex
513 2446 663 2500 Beruensis
679 2444 775 2501 Stanio
792 2449 876 2505 habet
893 2441 899 2527 Ι
917 2455 935 2508 8
950 2453 1105 2510 eandmu-

190 2533 235 2581 tar
247 2545 301 2598 ego
316 2545 368 2600 pro
384 2531 544 2583 aestimatur
562 2521 567 2606 Ι
588 2534 620 2588 16
636 2531 729 2585 scriba
745 2531 876 2587 librarius
890 2533 1052 2594 aVarroue
1069 2539 1105 2596 da

189 2627 221 2665 re
239 2629 263 2666 r.
280 2618 314 2682 3,
330 2618 360 2681 2,
377 2618 411 2670 14
427 2619 655 2668 commemoratur
674 2609 680 2690 Ι
699 2619 732 2673 18
744 2618 906 2672 coniunctas
921 2617 990 2674 olim
1006 2619 1105 2680 inisse

189 2687 329 2764 videntur,
346 2696 505 2752 aconluvia
519 2713 612 2751 rerum
623 2697 691 2752 dicti
710 2690 715 2776 Ι
734 2704 767 2755 ul
782 2699 856 2772 sapit
870 2716 924 2771 ego
938 2717 995 2771 pro
1010 2699 1102 2786 sapit}

188 2784 222 2836 25
236 2778 351 2834 Vernus
361 2781 480 2835 Flaccus
493 2822 515 2835 ..
526 2781 688 2851 probauit..
699 2781 763 2837 lania
777 2784 932 2838 adsentiens
946 2784 1103 2859 Saetiger-3

190 2860 332 2918 deVerrio
347 2864 448 2919 Flacco
462 2871 490 2918 ct
502 2864 603 2920 Granio
615 2865 715 2922 Flacco
727 2867 861 2939 intelligit
870 2868 967 2923 0dolr.
978 2869 1102 2950 llliillerl

257 3022 303 3086 92)
318 3024 406 3090 Neque
423 3029 490 3077 enim
510 3029 535 3077 in
555 3043 659 3078 censum
671 3031 776 3080 veniunt
792 3034 989 3098 magistratuum
1009 3051 1103 3088 sacer·

188 3093 324 3158 datumque
343 3098 531 3157 commentarii,
552 3106 579 3147 ut
598 3099 726 3163 Arcpnram
745 3102 805 3150 titre·
821 3103 889 3167 apud
902 3102 1051 3154 Varronem
1067 3107 1104 3156 de

189 3160 204 3209 l.
222 3161 240 3212 l.
261 3162 292 3222 5,
315 3165 362 3222 213
386 3165 509 3215 Varronis
531 3181 589 3216 vero
605 3170 734 3233 Aapuman
755 3171 814 3220 libri
829 3170 888 3235 (vel
906 3171 969 3219 liber
987 3173 1102 3238 potius)

187 3231 257 3294 apud
271 3231 424 3284 Macrobinm
441 3233 540 3284 Satura.
555 3236 584 3294 1,
599 3236 647 3298 16,
664 3236 705 3299 19,
722 3237 887 3303 Triticumque
902 3239 968 3288 dher
985 3241 1020 3291 ab
1036 3243 1102 3310 ipsu

187 3297 220 3347 de
244 3299 262 3352 l.
284 3300 307 3352 l.
329 3303 360 3363 5,
384 3303 418 3355 56
441 3304 582 3369 appellatus
603 3305 696 3355 Rerum
714 3307 859 3359 divinarum
872 3307 1102 3376 humanarumque

186 3375 272 3430 partes
291 3368 401 3423 inerunt.
