2334 3870
104 205 145 269 82
189 217 219 264 c.
235 214 385 264 suenoni
401 213 528 272 renuo.
544 212 592 260 os
608 210 688 258 vrrs
706 208 894 261 censensu
910 215 981 267 urs.
996 219 1035 268 11.

104 377 295 453 imperasset,
323 388 357 430 ac
383 368 475 428 subita
500 367 652 446 eruptione
674 365 776 427 hostes
796 382 908 429 omnem
929 374 975 432 rei
996 365 1122 437 divinue’

106 465 275 539 apparatum
292 452 490 528 abstulissent,
507 451 634 510 constitit
648 451 724 510 inter
736 449 919 532 haruspices,
936 471 1014 535 quae
1030 463 1110 538 peri-

107 543 206 604 culosa
228 548 257 600 et
282 538 404 599 adversa
429 536 602 595 sacrificanti
623 534 788 596 denuntiata
807 544 920 616 amnt,
948 550 1056 602 cuncta
1079 546 1110 602 in

112 630 193 708 ipsos
208 639 344 684 recasura
358 621 405 699 qui
420 627 486 679 extu
501 618 655 688 haberent;
674 636 770 696 neque
784 618 867 683 uliter
881 623 983 682 evenit
1005 622 1107 685 Pridie

105 729 189 793 quam
204 707 383 770 Siciliensem
400 721 524 783 pugnam
541 702 635 762 classe
651 704 853 781 committeret,
870 703 1056 767 deambulanti
1071 710 1124 767 ins

105 798 190 856 litore
208 791 297 871 piscis
313 808 329 849 e
344 791 415 849 mari
430 787 540 847 exilivit
555 795 584 846 et
600 785 634 847 ad
650 785 742 865 pedes
760 788 859 849 iacuit.
889 787 975 867 Apud
992 789 1107 850 Actium

106 875 292 940 descendenti
312 876 340 933 in
361 875 452 933 aciem
471 871 578 932 asellus
601 889 664 931 cum
684 871 808 931 asinario
832 874 977 951 occurrit,
1002 874 1122 935 bomini·

104 959 269 1037 Eutychus,
291 956 404 1017 bestiae
423 955 517 1016 Nicon
541 963 603 1017 erat
617 972 734 1024 nomen:
763 956 914 1036 utriusque
929 957 1108 1020 simulacrum

106 1063 225 1108 aeneum
246 1045 341 1103 victor
361 1043 456 1121 posuit
478 1042 506 1099 in
526 1038 653 1119 templo,
672 1041 700 1098 in
718 1037 795 1117 quod
815 1048 977 1102 castrorum
991 1059 1104 1103 suorum

104 1132 201 1192 locum
215 1128 310 1187 vertit.
1116 1143 1139 1184 u

60 1225 94 1280 97
167 1212 247 1272 blors
265 1226 379 1287 quoque
394 1208 469 1283 eius,
496 1207 531 1266 de
551 1225 606 1286 qua
618 1205 685 1266 binc
703 1207 811 1286 dicam,
833 1207 1025 1289 divinitasque
1041 1218 1110 1290 post

102 1304 223 1355 mortem
241 1290 463 1352 evidentissimis
478 1292 599 1351 ostentis
615 1294 809 1370 praecognita
825 1301 881 1352 est.
907 1290 980 1353 Cum
991 1293 1109 1354 lustrum

102 1383 130 1439 in
154 1395 256 1457 campo
272 1375 374 1436 lllartio
401 1392 505 1453 magna
529 1375 630 1455 populi
651 1375 814 1456 frequentia
836 1375 994 1454 conderet,
1015 1378 1109 1458 aquila

104 1481 168 1523 eum
184 1463 300 1540 saepius
315 1459 547 1537 circumvolavit,
564 1467 805 1539 transgressaque
821 1461 850 1519 in
866 1462 992 1521 vicinam
1009 1461 1111 1521 aedem

104 1565 192 1626 super
205 1562 310 1605 nomen
320 1543 472 1624 Agrippae
489 1542 523 1603 ad
535 1545 653 1622 primam
665 1544 788 1604 litteram
800 1543 890 1615 sedit;
909 1562 968 1623 quo
986 1545 1109 1606 animad-
1119 1561 1140 1602 ru

103 1646 190 1690 verso
209 1639 292 1705 vota,
311 1646 385 1706 quae
402 1630 431 1686 in
447 1630 607 1706 proximum
624 1627 742 1688 lustrum
758 1630 867 1708 suscipi
882 1645 946 1688 mos
963 1637 1025 1706 cst,
1051 1631 1109 1690 ool·

103 1715 200 1792 legam
220 1731 300 1773 suum
315 1712 460 1772 Tiberium
479 1729 644 1790 nuncupare
662 1712 758 1773 iussit:
786 1730 851 1773 nam
876 1732 925 1789 se,
946 1731 1108 1794 quamquem

104 1799 278 1875 conscriptis
295 1797 460 1874 paratisque
474 1796 528 1855 iam
542 1794 662 1873 tabulis,
678 1798 797 1874 negavit
814 1805 1019 1875 suscepturum
1035 1817 1108 1878 quae

102 1900 159 1943 non
182 1888 261 1941 esset
280 1878 435 1938 soluturus.
473 1877 531 1937 Sub
553 1879 627 1937 idem
649 1890 762 1958 tempus
784 1882 843 1941 ictu
863 1880 991 1943 fulminis
1014 1901 1054 1944 ex
1069 1884 1107 1942 in·

102 1962 260 2044 scriptione
275 1971 385 2023 statuae
402 1963 463 2022 eius
478 1964 569 2041 prima
584 1964 706 2023 nominis
721 1964 817 2025 littera
835 1965 961 2036 effluxit;
984 1984 1107 2047 respon·
1117 1990 1138 2031 ro

102 2069 163 2108 sum
182 2058 237 2125 est,
254 2056 366 2108 centnm
380 2045 461 2106 solos
477 2044 539 2105 dies
555 2048 677 2125 posthac
693 2050 843 2127 victurum,
860 2067 945 2129 quem
960 2068 1110 2112 numerum

102 2131 125 2193 C
141 2133 238 2193 littera
259 2140 388 2206 notaret,
408 2129 588 2210 futurumque
604 2140 634 2190 ut
649 2132 724 2192 inter
741 2132 812 2193 deos
826 2133 1004 2212 referretur,
1032 2132 1109 2215 quod

101 2235 201 2292 aesar,
223 2217 252 2275 id
270 2224 315 2276 est
326 2215 439 2294 reliqua
455 2232 523 2294 pars
539 2233 556 2274 e
572 2213 707 2276 Caesaris
723 2219 853 2294 nomine,
868 2216 994 2279 Etrusca
1009 2219 1109 2298 lingua

101 2302 170 2362 deus
187 2309 351 2360 vocaretur.

165 2385 309 2445 Tiberium
334 2385 422 2461 igitur
441 2385 469 2443 in
491 2382 638 2457 Illyricum
665 2383 829 2445 dimissurus
855 2394 885 2446 et
905 2384 1142 2452 Beneventumas

100 2487 191 2547 usque
219 2477 446 2545 prosecuturus,
479 2484 541 2526 cum
569 2467 805 2547 interpellatores
833 2468 897 2530 aliis
928 2479 1015 2551 atque
1044 2471 1108 2533 aliis

100 2553 195 2610 causis
209 2553 238 2609 in
256 2553 317 2611 inre
337 2550 459 2610 dicendo
478 2550 653 2628 detinerent,
674 2552 857 2631 exclamavit,
873 2554 951 2633 quod
967 2564 997 2615 et
1012 2556 1108 2634 ipsmn

98 2651 166 2693 mox
187 2636 262 2693 inter
281 2636 374 2695 omina
393 2635 514 2694 relatum
538 2643 599 2710 est,
625 2653 702 2710 non,
726 2636 756 2696 si
775 2637 879 2698 omniu
892 2645 1107 2717 morarentur,

99 2715 233 2793 urrrpliuc
247 2736 282 2777 se
291 2717 426 2797 postbac
440 2719 559 2778 Romae
572 2717 733 2796 salamnus,-
749 2729 834 2800 atque
850 2723 953 2782 itinere
966 2722 1107 2786 inchoato

97 2800 230 2860 Asturam
253 2805 398 2880 perrexit,
420 2811 449 2861 et
464 2800 546 2878 inde,
567 2810 685 2881 praeter
700 2804 937 2866 consuetudinem
952 2806 989 2868 de
1006 2816 1107 2888 nocte,
1117 2831 1141 2874 so

97 2884 132 2945 ad
155 2887 340 2945 occasionem
356 2904 441 2946 aurae
460 2893 580 2945 evectus
596 2904 710 2947 causam
726 2888 889 2950 valitudinis
904 2893 1055 2952 contraxit
1069 2911 1108 2953 ex

53 2968 240 3046 osprolluvio
260 2968 326 3027 alvi.
360 2969 439 3029 Tunc
457 2967 630 3049 Campaniae
648 2988 699 3032 ora
716 2974 914 3052 proximisque
929 2975 1032 3037 insulis
1052 2977 1106 3038 cir·

96 3055 196 3128 cultis,
215 3050 391 3128 Caprearum
409 3072 523 3134 quoque
541 3056 671 3114 secessui
690 3056 876 3135 quadriduum
890 3059 1042 3138 impendit,
1059 3079 1106 3122 re·

95 3136 263 3194 mississimo
280 3134 314 3192 ad
331 3137 418 3194 otium
433 3147 462 3197 et
478 3138 513 3198 ad
529 3156 641 3199 omnem
657 3142 821 3201 comitatem
835 3142 940 3202 animo.

157 3218 244 3277 Forte
260 3216 446 3279 Puteolanum
468 3224 559 3282 sinum
582 3224 817 3300 praeteruehenti
830 3236 969 3288 rectores
984 3236 1105 3290 nautae·
1115 3249 1140 3292 su

93 3319 149 3377 que
166 3302 201 3360 de
217 3302 282 3362 navi
300 3301 512 3382 Alexandrina,
535 3324 608 3384 quae
625 3315 731 3368 tantum
747 3308 823 3388 quod
838 3310 1011 3390 appulerat,
1036 3332 1104 3375 can·

93 3379 179 3441 didati
208 3386 395 3464 coronatique
417 3395 446 3445 et
467 3397 528 3447 ture
553 3389 676 3452 libantes
698 3393 791 3453 fausta
812 3395 907 3453 omina
929 3404 959 3455 et
979 3397 1104 3459 eximius

90 3464 191 3527 londes
212 3479 437 3548 congesserant,
457 3489 516 3550 per
538 3471 621 3533 illum
641 3495 676 3536 se
696 3476 814 3554 cicere,
831 3495 893 3557 per
911 3478 999 3541 idum
1013 3480 1104 3545 moi·
