2334 3870
264 494 309 579 c.
340 491 579 576 sunuour
608 482 953 570 TRANQUILLI

123 686 241 787 DE
291 679 521 781 VITA
572 668 1089 774 CAESARUM

504 878 641 942 LIBER
662 875 709 938 Π.

391 1053 534 1127 DIVUS
565 1047 818 1122 AUGUSTUS.

535 1241 686 1254 ....-—-—-

84 1404 99 1452 1
172 1393 292 1454 Gentem
307 1390 456 1452 Octaviam
474 1392 596 1452 Velitris
611 1391 797 1470 praecipuam
810 1386 880 1446 olim
893 1385 995 1459 inisse,
1018 1380 1132 1441 multas

111 1478 267 1539 declarant.
304 1475 376 1537 Nam
391 1485 421 1536 et
437 1478 520 1536 vicus
540 1474 731 1536 celeberrima
752 1480 835 1552 parte
853 1468 954 1549 oppidi
973 1469 1030 1527 iam
1051 1467 1109 1546 pri·

111 1562 176 1623 dem
192 1560 328 1622 Octavius
343 1561 502 1621 vocabatur
523 1569 551 1620 et
568 1558 774 1620 ostendebatur
793 1573 843 1616 ara
859 1554 983 1614 Octavio
1005 1568 1109 1611 consc-

112 1654 206 1722 erata,
230 1648 277 1723 qui
291 1644 371 1703 bello
391 1643 448 1703 dux
463 1645 598 1720 finitimo,
623 1661 685 1702 cum
706 1641 784 1700 forte
803 1639 889 1700 lilarti
907 1655 971 1698 ram
985 1635 1111 1697 divimm

110 1729 239 1803 faceret,
261 1730 386 1787 nuntiata
401 1737 524 1806 repente
543 1726 637 1787 hostis
658 1727 841 1802 incursione,
864 1720 1030 1783 semicruda
1042 1729 1111 1781 exta

110 1820 193 1890 rapta
218 1811 287 1869 loco
310 1813 474 1889 prosecuit,
508 1821 594 1890 atque
621 1814 660 1870 ita
680 1810 823 1890 proelium
844 1811 995 1885 ingressus
1014 1807 1146 1867 victorio

110 1894 194 1955 redit.
227 1893 384 1953 Decretum
397 1896 482 1955 etiam
502 1894 649 1975 publicum
669 1892 800 1972 extabat,
823 1910 879 1974 quo
901 1890 1061 1953 cavebatur
1080 1896 1113 1949 ut

110 1981 302 2058 inposterum
321 1997 435 2059 quoque
451 1980 535 2040 simili
548 1979 634 2040 modo
651 1989 717 2040 exta
730 1978 814 2039 llarti
835 1976 1043 2052 redderentur,
1063 1991 1110 2033 re·

87 2061 276 2142 uliquiaequc
304 2063 339 2123 ad
365 2063 503 2125 Octavios
531 2066 721 2126 referrentur.
753 2063 797 2125 Ea
823 2080 898 2141 gens
917 2079 934 2122 a
952 2058 1112 2140 Tarquinio

111 2147 213 2207 Prisco
228 2165 301 2224 rege
323 2151 398 2208 inter
419 2151 546 2210 minores
570 2152 666 2228 gentis
689 2148 803 2209 adlecta
822 2150 852 2208 in
871 2153 1018 2225 senatum,
1041 2160 1113 2203 mox

111 2250 128 2292 a
147 2231 250 2292 Servio
270 2231 366 2294 Tullio
384 2235 413 2293 in
432 2237 569 2314 patricias
594 2235 739 2309 traducta,
767 2231 948 2311 procedente
975 2239 1144 2309 temporeis

111 2315 147 2377 ad
166 2316 283 2395 plebem
296 2337 329 2377 se
349 2319 487 2398 contulit,
509 2339 544 2380 ac
563 2338 662 2379 rursus
683 2335 789 2395 magno
808 2314 964 2377 intervallo
984 2333 1039 2395 per
1059 2311 1111 2373 Di·

111 2417 178 2461 vum
189 2399 292 2461 Iulium
309 2405 339 2461 in
353 2406 533 2482 patriciatum
547 2403 631 2464 redit.
654 2402 765 2463 Primus
779 2420 817 2461 ex
834 2401 890 2463 hac
911 2400 1112 2477 magistratum

110 2482 211 2562 populi
237 2485 376 2563 suffragio
399 2489 477 2567 cepit
504 2485 536 2548 U.
555 2486 658 2549 Rulus.
687 2487 716 2548 ls
737 2487 920 2565 quaestorIus
942 2482 1003 2546 GN.
1024 2490 1055 2543 et
1075 2480 1109 2543 G.

110 2570 294 2647 procreavit,
327 2569 461 2649 aquibus
484 2571 602 2655 ¹dupleu
638 2570 823 2631 Octaviorum
856 2568 963 2632 familia
990 2567 1113 2629 deduxit

112 2649 277 2746 conditione
293 2653 418 2714 diversa.
439 2653 587 2734 Siquidem
599 2655 712 2717 Gnaeus
727 2664 757 2715 et
777 2655 917 2736 deinceps
936 2653 973 2716 ab
988 2670 1025 2714 en
1040 2650 1109 2713 reli·
1119 2663 1144 2705 ²⁰

112 2751 159 2813 qur
175 2751 274 2795 omnes
285 2738 376 2797 iuncti
391 2748 456 2798 sunt
470 2738 630 2800 honoribus
645 2742 770 2800 summis.
806 2739 845 2800 At
866 2737 1035 2819 Ueiosque
1056 2749 1122 2818 pot

111 2820 197 2917 steri,
222 2838 273 2879 seu
302 2821 417 2884 fortuna
435 2843 488 2884 seu
517 2824 681 2903 voluntate,
703 2827 733 2885 in
759 2825 888 2905 equestri
917 2823 1018 2885 ordine
1040 2837 1110 2883 con-

112 2912 243 2963 stiterunt
269 2908 412 2985 usquead
447 2910 571 2987 Augusti
599 2919 719 2991 patrem.
753 2909 884 2971 Proavus
912 2908 1038 2987 Augusti
1063 2923 1110 2966 se·

113 2987 205 3049 cundo
219 2989 327 3050 Punico
342 2991 422 3053 bello
437 2994 579 3074 stipendia
592 2998 621 3055 in
647 2995 746 3056 Sicilia
759 2994 890 3055 tribunus
906 2994 1026 3053 militum
1037 2990 1112 3052 lecit

111 3071 236 3133 Aemilio
255 3073 335 3154 Papo
361 3077 546 3156 imperatore.
580 3079 661 3140 Avus
687 3078 907 3159 municipalibus
931 3074 1145 3157 magisteriisu

113 3167 263 3218 contentus
277 3159 437 3222 abundante
457 3165 629 3242 patrimonio
643 3165 875 3246 tranquillissime
890 3165 993 3224 senuit.

155 3242 232 3339 'Sed
250 3244 324 3304 haec
347 3245 409 3316 alii;
430 3248 496 3328 ipse
515 3247 665 3326 Augustus
686 3249 755 3309 nibil
771 3247 892 3328 amplius
916 3266 1001 3328 qnam
1019 3263 1109 3327 eque·

111 3332 162 3424 strp
183 3326 289 3390 iamilia
309 3339 401 3391 ortum
423 3350 457 3392 sc
477 3332 578 3393 scribit
591 3343 693 3394 vetere
718 3352 753 3394 ac
770 3333 936 3413 locuplete,
955 3340 985 3393 et
1003 3333 1032 3392 in
1052 3347 1110 3411 qua

111 3425 218 3486 prrmus
241 3423 360 3478 senator
383 3426 466 3496 pater
486 3436 554 3478 suus
571 3418 666 3479 luerit.
692 3419 729 3480 lli.
742 3417 887 3482 Antonius
901 3416 1068 3479 libertinum
1080 3415 1110 3474 ci
