2334 3870
104 159 163 219 174
195 171 225 218 c.
241 171 391 220 snunom
406 173 534 233 nmo.
550 173 598 220 ou
614 174 698 222 vraa
713 173 901 226 onnsnnorr
914 178 987 227 ura.
1001 182 1051 232 vv.

68 338 87 393 9
165 326 255 387 Orsus
270 327 370 389 binca
391 328 508 408 pietatis
530 330 741 408 ostentatione,
772 328 918 393 Claudium
936 339 1107 414 apparatis·

101 413 173 473 simo
189 412 291 472 funere
313 412 418 472 elatum
440 411 565 473 laudavit
584 420 614 472 et
635 418 828 476 consecravit
862 415 1025 479 liemoriae
1040 420 1104 481 Do·

100 497 170 556 mitii
188 499 279 576 patris
293 496 421 557 honores
435 498 575 557 marinos
592 495 701 557 babuit.
723 498 810 560 llatri
822 516 952 562 rammam
969 505 1103 564 omnium

99 598 196 641 rerum
212 583 384 661 privatarum
401 580 637 660 publicarumque
657 584 799 662 permisit.
834 582 925 645 Primo
940 587 1025 646 etiam
1043 589 1098 647 im·

100 667 175 745 perii
193 664 238 726 die
255 667 366 744 signam
382 664 537 725 excubanti
555 664 669 726 tribuno
689 665 768 727 dedit
790 664 942 746 Optimam
952 675 1090 748 mern,
1108 689 1122 729 s

101 767 136 811 ac
153 750 291 829 deinceps
306 749 434 810 eiusdem
450 768 541 828 saepe
555 749 662 810 lectica
677 769 732 831 per
742 751 891 831 publicum
902 753 1096 815 simulvectns

100 844 154 895 est.
188 835 303 894 Antium
329 834 473 895 coloniam
496 833 628 913 deduxit,
654 837 789 916 ascriptis
812 838 994 898 veteranise
1015 856 1100 917 prae-

98 920 175 978 torio
192 918 355 1000 additisque
371 938 425 1000 per
447 919 583 980 domicilii
600 921 817 981 translationem
837 919 986 982 ditissimis
1007 923 1104 1002 primi·

99 1003 247 1083 pilarium;
264 1003 313 1063 ubi
329 1014 358 1065 et
376 1015 489 1084 portum
505 1005 604 1083 operis
619 1005 860 1082 sumptuosissimi
875 1006 957 1067 lecit.

57 1097 91 1151 10
162 1089 259 1168 Atque
273 1098 303 1148 ut
314 1091 468 1149 certiorem
479 1087 571 1148 adbuc
583 1086 709 1148 indolem
721 1088 905 1168 ostenderet,
918 1108 960 1150 ec
970 1087 1107 1170 Augusti
1115 1108 1139 1149 ra

94 1173 295 1250 praescripto
316 1174 519 1252 imperaturum
541 1190 579 1250 se¹
601 1173 769 1251 professus,
796 1191 893 1252 neque
918 1173 1106 1237 liberalitatis

97 1274 192 1336 neque
208 1255 395 1333 clementiae,
412 1273 449 1316 ne
467 1257 610 1317 comitatis
626 1256 740 1335 quidem
756 1256 938 1319 exhibendae
953 1257 1043 1320 ullam
1056 1279 1105 1321 oc·

97 1341 244 1400 casionem
259 1341 364 1400 omisit.
396 1340 536 1402 Graviora
550 1341 709 1418 vectigalia
723 1350 770 1402 aut
785 1342 916 1403 abolevit
929 1351 978 1405 ant
991 1345 1104 1404 minuit.

96 1424 226 1486 Praemia
241 1425 402 1486 delatorum
417 1426 526 1504 Papiae
541 1425 618 1504 legis
633 1425 669 1486 ad
685 1435 802 1506 quartas
816 1425 941 1504 redegit.
992 1427 1105 1488 Divisis

97 1511 209 1591 populo
229 1510 333 1570 viritim
351 1510 557 1590 quadringenis
575 1512 709 1587 nummis,
732 1520 897 1572 senatorum
917 1511 1103 1573 nobilissimo
1115 1534 1137 1574 rs

98 1598 219 1675 cuique,
247 1595 299 1656 ssd
316 1614 376 1657 are
394 1595 526 1656 familiari
542 1594 678 1655 destituto
693 1614 785 1656 annua
800 1596 922 1672 salaria,
939 1605 969 1656 et
985 1597 1104 1676 quibus·

97 1680 162 1740 dam
181 1682 341 1759 quingena,
368 1681 528 1756 constituit,
550 1682 617 1738 item
641 1680 832 1759 praetorianis
852 1679 1026 1743 cohortibus
1045 1682 1102 1742 iru-

96 1775 222 1825 mentum
243 1774 417 1824 menstruum
439 1765 600 1841 gratuitum.
645 1763 683 1823 Et
702 1782 766 1823 cum
782 1763 817 1823 de
843 1764 989 1845 supplicio
1008 1768 1101 1826 cuius·

97 1849 162 1910 darn
181 1850 276 1927 capite
298 1848 419 1907 damnati
441 1856 469 1906 ut
491 1865 528 1907 ex
547 1864 629 1906 more
654 1847 854 1909 subscriberet
879 1848 1101 1911 admoneretur:

98 1931 198 2006 Quom
218 1931 342 2006 vellem,
361 1932 467 2008 inquit,
485 1931 606 1991 aescae
620 1931 760 1992 litteras!
783 1930 881 1992 Omnis
898 1933 1020 1994 ordines
1035 1932 1130 1995 sub-ro

95 2015 163 2074 inde
186 2033 220 2074 ac
242 2016 409 2074 memoriter
424 2015 567 2075 salutavit.
596 2014 706 2092 rigenti
722 2018 835 2076 senatui
849 2018 959 2094 gratias
978 2035 1102 2098 respon·

96 2098 153 2157 dit:
180 2096 256 2158 Gora
275 2117 427 2160 meroem.
457 2098 504 2158 Ad
527 2109 707 2178 campestres
725 2101 951 2161 exercitationes
967 2119 1037 2162 suas
1054 2102 1102 2163 ad·

95 2183 172 2242 misit
187 2192 216 2242 et
231 2181 365 2261 plebem,
389 2182 619 2262 declamauitque
637 2187 754 2265 saepius
770 2185 902 2264 publice:
922 2185 1061 2247 recitavit
1074 2194 1103 2246 et

96 2269 239 2343 carmina,
255 2286 314 2327 non
329 2268 415 2329 modo
433 2267 508 2328 domi
523 2269 576 2329 sed
598 2277 628 2329 et
650 2270 677 2328 in
702 2271 831 2345 theatro,
856 2277 933 2330 tanta
949 2270 1101 2332 universo·

94 2369 156 2411 rum
169 2350 295 2429 laetitia,
310 2363 340 2412 ut
353 2353 390 2413 ob
406 2353 606 2414 recitationem
621 2354 795 2431 supplicatio
809 2352 926 2414 decreta
938 2354 991 2432 sit,
1005 2372 1101 2434 eaque
1109 2372 1133 2413 as

95 2453 165 2515 pars
181 2437 337 2497 carminum
353 2438 450 2498 aureis
467 2436 572 2498 litteris
587 2436 650 2496 lovi
666 2436 831 2516 Capitolino
848 2437 951 2499 dicata.

54 2527 85 2580 ll
159 2521 400 2599 Spectaculorum
416 2522 538 2601 plurima
554 2531 582 2581 et
597 2522 675 2580 varia
691 2539 801 2598 genera
817 2521 919 2582 edidit:
938 2522 1101 2600 iuvenales,

95 2605 262 2681 circenses,
285 2607 420 2667 scenicos
438 2605 540 2683 ludos,
562 2604 763 2682 gladiatorium
776 2624 887 2666 munus.
915 2605 1102 2667 Iuvenalibus

93 2705 182 2748 senes
197 2707 313 2768 quoque
330 2690 500 2750 consulares
517 2707 645 2768 anusque
657 2698 803 2750 matronas
818 2691 933 2770 recepit
945 2691 982 2751 ad
997 2691 1101 2752 lusum.

94 2770 283 2833 Circensibus
301 2773 369 2834 loca
386 2774 475 2853 equiti
490 2783 604 2833 secreta
619 2791 635 2834 a
652 2774 758 2833 ceteris
776 2774 882 2852 tribuit,
900 2776 1134 2855 commisitquea

95 2857 180 2916 etiam
197 2857 373 2917 camelorum
391 2857 556 2938 quadrigas.
594 2857 690 2935 Ludis,
708 2875 782 2936 quos
799 2877 853 2939 pro
867 2860 1039 2920 aeternitate
1052 2862 1100 2919 im-

94 2941 169 3019 perii
182 2950 336 3019 susceptos
349 2943 494 3022 appellari
508 2960 536 3001 rn
545 2943 637 3002 arim
646 2960 662 3003 o
672 2961 686 3002 s
698 2943 799 3020 voluit,
814 2961 851 3003 ex
864 2953 986 3023 utroque
1000 2944 1100 3004 ordine

95 3033 125 3084 et
152 3044 224 3085 sexu
252 3026 387 3105 plerique
414 3027 541 3088 ludicras
573 3036 672 3106 partes
700 3030 906 3097 sustinuerunt;
935 3027 1100 3088 notissimus

95 3126 187 3187 eques
200 3111 236 3171 R.
253 3108 412 3189 elephanto
430 3111 619 3191 supersidens
635 3130 690 3190 per
705 3112 898 3174 catadromum
920 3110 1098 3182 decucurrit3

93 3192 210 3254 inducta
225 3193 325 3254 Afrani
345 3202 457 3272 togata,
474 3215 549 3275 quae
565 3196 781 3258 Incendium
793 3196 965 3273 inscribitur,
977 3213 1134 3257 conces-as

94 3293 215 3355 sumque
232 3287 262 3338 ut
277 3279 403 3339 scaenici
428 3279 565 3347 ardentis,
581 3279 682 3342 domus
705 3279 918 3360 supellectilem
940 3280 1100 3361 diriperent

93 3377 127 3418 ac
151 3360 206 3419 sibi
227 3362 383 3438 haberent;
399 3381 502 3442 sparsa
527 3374 556 3424 et
577 3365 688 3444 populo
712 3364 833 3425 missilia
856 3365 979 3424 omnium
1001 3381 1099 3425 rerum

92 3460 146 3521 per
161 3461 262 3506 omues
281 3446 359 3508 dies:
373 3447 485 3526 singula
500 3447 607 3508 rv‘idie
622 3449 700 3500 matra
714 3451 806 3510 avion
819 3447 957 3516 coituque
969 3449 1100 3528 generis,
