<?xml version="1.0" encoding="UTF-8"?>
<!DOCTYPE html PUBLIC "-//W3C//DTD XHTML 1.0 Transitional//EN"
    "http://www.w3.org/TR/xhtml1/DTD/xhtml1-transitional.dtd">
<html xmlns="http://www.w3.org/1999/xhtml" xml:lang="en" lang="en">
 <head>
  <title>
</title>
<meta http-equiv="Content-Type" content="text/html;charset=utf-8" />
  <meta name='ocr-system' content='tesseract 3.04.00' />
  <meta name='ocr-capabilities' content='ocr_page ocr_carea ocr_par ocr_line ocrx_word'/>
</head>
<body>
  <div class='ocr_page' id='page_1' title='image "./csuetonitranqui00trangoog_0428.png"; bbox 0 0 2334 3870; ppageno 0'>
   <div class='ocr_carea' id='block_1_1' title="bbox 244 200 1100 271">
    <p class='ocr_par' dir='ltr' id='par_1_1' title="bbox 244 200 1100 271">
     <span class='ocr_line' id='line_1_1' title="bbox 244 200 1100 271; baseline 0.002 -12"><span class='ocrx_word' id='word_1_1' title='bbox 244 209 520 260; x_wconf 83' lang='lat' dir='ltr'><strong>onnnnomonum</strong></span> <span class='ocrx_word' id='word_1_2' title='bbox 541 209 724 260; x_wconf 82' lang='lat' dir='ltr'><strong>nmnonom</strong></span> <span class='ocrx_word' id='word_1_3' title='bbox 744 210 945 271; x_wconf 80' lang='lat' dir='ltr'>nnmoumn.</span> <span class='ocrx_word' id='word_1_4' title='bbox 1038 200 1100 264; x_wconf 87' lang='grc'>317</span> 
     </span>
    </p>
   </div>
   <div class='ocr_carea' id='block_1_2' title="bbox 58 364 1101 1201">
    <p class='ocr_par' dir='ltr' id='par_1_2' title="bbox 98 364 1100 699">
     <span class='ocr_line' id='line_1_2' title="bbox 161 364 1099 446; baseline 0.001 -19"><span class='ocrx_word' id='word_1_5' title='bbox 161 367 255 428; x_wconf 79' lang='lat' dir='ltr'>Orare</span> <span class='ocrx_word' id='word_1_6' title='bbox 278 376 306 428; x_wconf 90' lang='lat' dir='ltr'>et</span> <span class='ocrx_word' id='word_1_7' title='bbox 328 365 505 444; x_wconf 78' lang='lat' dir='ltr'><strong>triumphare</strong></span> <span class='ocrx_word' id='word_1_8' title='bbox 525 365 583 428; x_wconf 90' lang='lat' dir='ltr'>hoo</span> <span class='ocrx_word' id='word_1_9' title='bbox 605 365 718 445; x_wconf 81' lang='lat' dir='ltr'>differt,</span> <span class='ocrx_word' id='word_1_10' title='bbox 740 366 818 445; x_wconf 91' lang='lat' dir='ltr'>quod</span> <span class='ocrx_word' id='word_1_11' title='bbox 837 364 1014 444; x_wconf 89' lang='lat' dir='ltr'>triumphans</span> <span class='ocrx_word' id='word_1_12' title='bbox 1030 382 1099 446; x_wconf 77' lang='lat' dir='ltr'>qua·</span> 
     </span>
     <span class='ocr_line' id='line_1_3' title="bbox 98 449 1099 530; baseline -0.001 -19"><span class='ocrx_word' id='word_1_13' title='bbox 98 452 190 530; x_wconf 77' lang='lat' dir='ltr'>drigis</span> <span class='ocrx_word' id='word_1_14' title='bbox 205 450 319 511; x_wconf 86' lang='lat' dir='ltr'>vehitur</span> <span class='ocrx_word' id='word_1_15' title='bbox 335 459 364 510; x_wconf 86' lang='lat' dir='ltr'>et</span> <span class='ocrx_word' id='word_1_16' title='bbox 387 459 540 511; x_wconf 89' lang='lat' dir='ltr'>coronatus</span> <span class='ocrx_word' id='word_1_17' title='bbox 561 452 661 512; x_wconf 89' lang='lat' dir='ltr'>laurea</span> <span class='ocrx_word' id='word_1_18' title='bbox 679 469 791 512; x_wconf 90' lang='lat' dir='ltr'>corona</span> <span class='ocrx_word' id='word_1_19' title='bbox 813 449 997 528; x_wconf 82' lang='lat' dir='ltr'>subsequitur</span> <span class='ocrx_word' id='word_1_20' title='bbox 1017 467 1099 528; x_wconf 93' lang='lat' dir='ltr'>pom·</span> 
     </span>
     <span class='ocr_line' id='line_1_4' title="bbox 98 534 1100 616; baseline 0.001 -21"><span class='ocrx_word' id='word_1_21' title='bbox 98 554 175 614; x_wconf 91' lang='lat' dir='ltr'>pam;</span> <span class='ocrx_word' id='word_1_22' title='bbox 202 536 250 614; x_wconf 84' lang='lat' dir='ltr'>qui</span> <span class='ocrx_word' id='word_1_23' title='bbox 265 545 360 595; x_wconf 88' lang='lat' dir='ltr'>autem</span> <span class='ocrx_word' id='word_1_24' title='bbox 377 544 461 610; x_wconf 89' lang='lat' dir='ltr'><strong>ovat,</strong></span> <span class='ocrx_word' id='word_1_25' title='bbox 483 544 531 595; x_wconf 91' lang='lat' dir='ltr'>aut</span> <span class='ocrx_word' id='word_1_26' title='bbox 551 554 640 614; x_wconf 85' lang='lat' dir='ltr'>super</span> <span class='ocrx_word' id='word_1_27' title='bbox 656 553 759 616; x_wconf 89' lang='lat' dir='ltr'>equum</span> <span class='ocrx_word' id='word_1_28' title='bbox 775 534 912 614; x_wconf 89' lang='lat' dir='ltr'>tripudiat</span> <span class='ocrx_word' id='word_1_29' title='bbox 929 541 976 594; x_wconf 90' lang='lat' dir='ltr'>aut</span> <span class='ocrx_word' id='word_1_30' title='bbox 997 535 1100 596; x_wconf 86' lang='lat' dir='ltr'>mirtea</span> 
     </span>
     <span class='ocr_line' id='line_1_5' title="bbox 98 620 660 699; baseline -0.002 -20"><span class='ocrx_word' id='word_1_31' title='bbox 98 637 207 681; x_wconf 91' lang='lat' dir='ltr'>corona</span> <span class='ocrx_word' id='word_1_32' title='bbox 225 620 335 680; x_wconf 90' lang='lat' dir='ltr'>cinctus</span> <span class='ocrx_word' id='word_1_33' title='bbox 353 635 487 698; x_wconf 87' lang='lat' dir='ltr'><strong>pompam</strong></span> <span class='ocrx_word' id='word_1_34' title='bbox 500 621 660 699; x_wconf 84' lang='lat' dir='ltr'>praecedit.</span> 
     </span>
    </p>

    <p class='ocr_par' dir='ltr' id='par_1_3' title="bbox 69 701 1099 867">
     <span class='ocr_line' id='line_1_6' title="bbox 69 701 1099 784; baseline -0.003 -18"><span class='ocrx_word' id='word_1_35' title='bbox 69 725 84 766; x_wconf 84' lang='grc' dir='ltr'><strong>ι</strong></span> <span class='ocrx_word' id='word_1_36' title='bbox 159 703 267 763; x_wconf 80' lang='lat' dir='ltr'><strong>Omnes</strong></span> <span class='ocrx_word' id='word_1_37' title='bbox 297 712 418 763; x_wconf 90' lang='lat' dir='ltr'>cunctos</span> <span class='ocrx_word' id='word_1_38' title='bbox 454 711 482 763; x_wconf 88' lang='lat' dir='ltr'>et</span> <span class='ocrx_word' id='word_1_39' title='bbox 511 705 682 784; x_wconf 88' lang='lat' dir='ltr'>universos]</span> <span class='ocrx_word' id='word_1_40' title='bbox 712 723 814 765; x_wconf 89' lang='lat' dir='ltr'>omnes</span> <span class='ocrx_word' id='word_1_41' title='bbox 841 721 962 783; x_wconf 91' lang='lat' dir='ltr'>quorum</span> <span class='ocrx_word' id='word_1_42' title='bbox 992 701 1099 763; x_wconf 84' lang='lat' dir='ltr'>mentio</span> 
     </span>
     <span class='ocr_line' id='line_1_7' title="bbox 95 786 1099 867; baseline -0.003 -20"><span class='ocrx_word' id='word_1_43' title='bbox 95 795 154 855; x_wconf 87' lang='lat' dir='ltr'>est;</span> <span class='ocrx_word' id='word_1_44' title='bbox 181 787 276 846; x_wconf 91' lang='lat' dir='ltr'>cuncti</span> <span class='ocrx_word' id='word_1_45' title='bbox 292 788 339 866; x_wconf 87' lang='lat' dir='ltr'>qui</span> <span class='ocrx_word' id='word_1_46' title='bbox 354 786 460 866; x_wconf 91' lang='lat' dir='ltr'>ubique</span> <span class='ocrx_word' id='word_1_47' title='bbox 475 796 554 856; x_wconf 88' lang='lat' dir='ltr'><strong>sunt;</strong></span> <span class='ocrx_word' id='word_1_48' title='bbox 572 790 700 848; x_wconf 85' lang='lat' dir='ltr'>universi</span> <span class='ocrx_word' id='word_1_49' title='bbox 715 797 856 867; x_wconf 83' lang='lat' dir='ltr'><strong>tamquam</strong></span> <span class='ocrx_word' id='word_1_50' title='bbox 869 789 897 846; x_wconf 94' lang='lat' dir='ltr'>in</span> <span class='ocrx_word' id='word_1_51' title='bbox 914 806 1000 847; x_wconf 92' lang='lat' dir='ltr'>unum</span> <span class='ocrx_word' id='word_1_52' title='bbox 1010 786 1099 846; x_wconf 85' lang='lat' dir='ltr'>versi.</span> 
     </span>
    </p>

    <p class='ocr_par' dir='ltr' id='par_1_4' title="bbox 93 869 1101 1121">
     <span class='ocr_line' id='line_1_8' title="bbox 164 869 1099 951; baseline -0.001 -22"><span class='ocrx_word' id='word_1_53' title='bbox 164 869 257 930; x_wconf 86' lang='lat' dir='ltr'>Orare</span> <span class='ocrx_word' id='word_1_54' title='bbox 273 880 302 930; x_wconf 88' lang='lat' dir='ltr'>et</span> <span class='ocrx_word' id='word_1_55' title='bbox 319 873 447 951; x_wconf 85' lang='lat' dir='ltr'>precari]</span> <span class='ocrx_word' id='word_1_56' title='bbox 465 889 551 933; x_wconf 87' lang='lat' dir='ltr'>orare</span> <span class='ocrx_word' id='word_1_57' title='bbox 566 872 669 933; x_wconf 86' lang='lat' dir='ltr'>dicitur</span> <span class='ocrx_word' id='word_1_58' title='bbox 685 874 818 950; x_wconf 89' lang='lat' dir='ltr'>quoniam</span> <span class='ocrx_word' id='word_1_59' title='bbox 839 873 899 931; x_wconf 93' lang='lat' dir='ltr'>oris</span> <span class='ocrx_word' id='word_1_60' title='bbox 918 874 994 933; x_wconf 91' lang='lat' dir='ltr'>ratio</span> <span class='ocrx_word' id='word_1_61' title='bbox 1009 869 1099 947; x_wconf 85' lang='lat' dir='ltr'>ducit,</span> 
     </span>
     <span class='ocr_line' id='line_1_9' title="bbox 95 954 1101 1035; baseline 0.001 -22"><span class='ocrx_word' id='word_1_62' title='bbox 95 961 125 1013; x_wconf 92' lang='lat' dir='ltr'>et</span> <span class='ocrx_word' id='word_1_63' title='bbox 138 955 186 1034; x_wconf 90' lang='lat' dir='ltr'>qui</span> <span class='ocrx_word' id='word_1_64' title='bbox 207 963 271 1016; x_wconf 90' lang='lat' dir='ltr'>orat</span> <span class='ocrx_word' id='word_1_65' title='bbox 292 956 377 1017; x_wconf 90' lang='lat' dir='ltr'>etiam</span> <span class='ocrx_word' id='word_1_66' title='bbox 395 966 533 1035; x_wconf 83' lang='lat' dir='ltr'>precatur</span> <span class='ocrx_word' id='word_1_67' title='bbox 546 965 576 1017; x_wconf 88' lang='lat' dir='ltr'>ut</span> <span class='ocrx_word' id='word_1_68' title='bbox 591 954 719 1019; x_wconf 69' lang='lat' dir='ltr'>Exorat</span> <span class='ocrx_word' id='word_1_69' title='bbox 734 971 868 1035; x_wconf 65' lang='lat' dir='ltr'>pacem</span> <span class='ocrx_word' id='word_1_70' title='bbox 894 963 923 1015; x_wconf 88' lang='lat' dir='ltr'>at</span> <span class='ocrx_word' id='word_1_71' title='bbox 947 957 994 1034; x_wconf 85' lang='lat' dir='ltr'>qui</span> <span class='ocrx_word' id='word_1_72' title='bbox 1014 962 1101 1032; x_wconf 85' lang='lat' dir='ltr'>rogat</span> 
     </span>
     <span class='ocr_line' id='line_1_10' title="bbox 93 1037 1099 1121; baseline 0.001 -26"><span class='ocrx_word' id='word_1_73' title='bbox 93 1054 152 1098; x_wconf 93' lang='lat' dir='ltr'>non</span> <span class='ocrx_word' id='word_1_74' title='bbox 168 1041 267 1117; x_wconf 87' lang='lat' dir='ltr'>utique</span> <span class='ocrx_word' id='word_1_75' title='bbox 286 1049 365 1117; x_wconf 79' lang='lat' dir='ltr'>orat,</span> <span class='ocrx_word' id='word_1_76' title='bbox 384 1039 437 1100; x_wconf 90' lang='lat' dir='ltr'>sed</span> <span class='ocrx_word' id='word_1_77' title='bbox 452 1040 644 1120; x_wconf 89' lang='lat' dir='ltr'>deprecatur,</span> <span class='ocrx_word' id='word_1_78' title='bbox 667 1041 746 1121; x_wconf 86' lang='lat' dir='ltr'>quod</span> <span class='ocrx_word' id='word_1_79' title='bbox 763 1041 849 1101; x_wconf 92' lang='lat' dir='ltr'>etiam</span> <span class='ocrx_word' id='word_1_80' title='bbox 864 1039 989 1118; x_wconf 91' lang='lat' dir='ltr'>imperiti</span> <span class='ocrx_word' id='word_1_81' title='bbox 1003 1037 1039 1098; x_wconf 93' lang='lat' dir='ltr'>ad</span> <span class='ocrx_word' id='word_1_82' title='bbox 1050 1037 1099 1096; x_wconf 90' lang='lat' dir='ltr'>de·</span> 
     </span>
    </p>

    <p class='ocr_par' dir='ltr' id='par_1_5' title="bbox 58 1123 475 1201">
     <span class='ocr_line' id='line_1_11' title="bbox 58 1123 475 1201; baseline -0.01 -13"><span class='ocrx_word' id='word_1_83' title='bbox 58 1147 82 1188; x_wconf 86' lang='lat' dir='ltr'>ro</span> <span class='ocrx_word' id='word_1_84' title='bbox 94 1123 270 1201; x_wconf 88' lang='lat' dir='ltr'>precandum</span> <span class='ocrx_word' id='word_1_85' title='bbox 287 1123 475 1185; x_wconf 90' lang='lat' dir='ltr'>descendunt.</span> 
     </span>
    </p>
   </div>
   <div class='ocr_carea' id='block_1_3' title="bbox 94 1206 1099 1346">
    <p class='ocr_par' dir='ltr' id='par_1_6' title="bbox 94 1206 1099 1346">
     <span class='ocr_line' id='line_1_12' title="bbox 94 1206 1099 1346; baseline 0.005 -83"><span class='ocrx_word' id='word_1_86' title='bbox 94 1206 245 1346; x_wconf 33' lang='lat' dir='ltr'>l&#39;d&#39;tOpnne</span> <span class='ocrx_word' id='word_1_87' title='bbox 267 1216 297 1267; x_wconf 88' lang='lat' dir='ltr'>et</span> <span class='ocrx_word' id='word_1_88' title='bbox 316 1208 418 1285; x_wconf 81' lang='lat' dir='ltr'>totum}</span> <span class='ocrx_word' id='word_1_89' title='bbox 437 1225 521 1270; x_wconf 87' lang='lat' dir='ltr'>omne</span> <span class='ocrx_word' id='word_1_90' title='bbox 537 1211 754 1271; x_wconf 86' lang='lat' dir='ltr'>universitatem</span> <span class='ocrx_word' id='word_1_91' title='bbox 771 1211 927 1288; x_wconf 82' lang='lat' dir='ltr'><strong>significat,</strong></span> <span class='ocrx_word' id='word_1_92' title='bbox 945 1216 1035 1269; x_wconf 88' lang='lat' dir='ltr'>totum</span> <span class='ocrx_word' id='word_1_93' title='bbox 1050 1223 1099 1268; x_wconf 86' lang='lat' dir='ltr'>so·</span> 
     </span>
     <span class='ocr_line' id='line_1_13' title="bbox 106 1305 244 1346; baseline -0.014 0"><span class='ocrx_word' id='word_1_94' title='bbox 106 1305 115 1346; x_wconf 92' lang='grc' dir='ltr'><strong>ι</strong></span> <span class='ocrx_word' id='word_1_95' title='bbox 136 1308 144 1346; x_wconf 93' lang='grc' dir='ltr'><strong>ι</strong></span> <span class='ocrx_word' id='word_1_96' title='bbox 159 1305 175 1346; x_wconf 91' lang='lat' dir='ltr'><strong>a</strong></span> <span class='ocrx_word' id='word_1_97' title='bbox 189 1305 244 1346; x_wconf 90' lang='lat' dir='ltr'>em.</span> 
     </span>
    </p>
   </div>
   <div class='ocr_carea' id='block_1_4' title="bbox 10 1369 1099 3388">
    <p class='ocr_par' dir='ltr' id='par_1_7' title="bbox 10 1369 1099 3388">
     <span class='ocr_line' id='line_1_14' title="bbox 158 1369 1098 1452; baseline 0.005 -23"><span class='ocrx_word' id='word_1_98' title='bbox 158 1369 308 1430; x_wconf 75' lang='lat' dir='ltr'>Ostentum</span> <span class='ocrx_word' id='word_1_99' title='bbox 332 1379 490 1430; x_wconf 87' lang='lat' dir='ltr'>monstrum</span> <span class='ocrx_word' id='word_1_100' title='bbox 517 1382 546 1430; x_wconf 89' lang='lat' dir='ltr'>et</span> <span class='ocrx_word' id='word_1_101' title='bbox 573 1374 749 1452; x_wconf 85' lang='lat' dir='ltr'>prodigium]</span> <span class='ocrx_word' id='word_1_102' title='bbox 775 1386 919 1435; x_wconf 87' lang='lat' dir='ltr'>ostentum</span> <span class='ocrx_word' id='word_1_103' title='bbox 942 1378 1005 1433; x_wconf 90' lang='lat' dir='ltr'>sine</span> <span class='ocrx_word' id='word_1_104' title='bbox 1034 1393 1098 1434; x_wconf 89' lang='lat' dir='ltr'>cor·</span> 
     </span>
     <span class='ocr_line' id='line_1_15' title="bbox 94 1452 1099 1533; baseline -0.001 -18"><span class='ocrx_word' id='word_1_105' title='bbox 94 1472 169 1533; x_wconf 87' lang='lat' dir='ltr'>pore</span> <span class='ocrx_word' id='word_1_106' title='bbox 191 1453 288 1514; x_wconf 90' lang='lat' dir='ltr'>solido</span> <span class='ocrx_word' id='word_1_107' title='bbox 311 1452 395 1514; x_wconf 89' lang='lat' dir='ltr'><strong>nobis</strong></span> <span class='ocrx_word' id='word_1_108' title='bbox 418 1472 450 1513; x_wconf 91' lang='lat' dir='ltr'>se</span> <span class='ocrx_word' id='word_1_109' title='bbox 472 1454 597 1513; x_wconf 83' lang='lat' dir='ltr'><strong>ostendit</strong></span> <span class='ocrx_word' id='word_1_110' title='bbox 616 1466 645 1515; x_wconf 90' lang='lat' dir='ltr'>et</span> <span class='ocrx_word' id='word_1_111' title='bbox 666 1457 759 1515; x_wconf 85' lang='lat' dir='ltr'>oculis</span> <span class='ocrx_word' id='word_1_112' title='bbox 780 1467 809 1516; x_wconf 88' lang='lat' dir='ltr'>et</span> <span class='ocrx_word' id='word_1_113' title='bbox 824 1457 941 1516; x_wconf 89' lang='lat' dir='ltr'>auribus</span> <span class='ocrx_word' id='word_1_114' title='bbox 962 1457 1099 1531; x_wconf 81' lang='lat' dir='ltr'>obicitur,</span> 
     </span>
     <span class='ocr_line' id='line_1_16' title="bbox 60 1536 1099 1619; baseline -0.005 -16"><span class='ocrx_word' id='word_1_115' title='bbox 60 1561 85 1602; x_wconf 86' lang='grc' dir='ltr'>ιι</span> <span class='ocrx_word' id='word_1_116' title='bbox 98 1548 128 1599; x_wconf 85' lang='grc' dir='ltr'>ιι</span> <span class='ocrx_word' id='word_1_117' title='bbox 141 1536 264 1598; x_wconf 79' lang='lat' dir='ltr'>interdiu</span> <span class='ocrx_word' id='word_1_118' title='bbox 282 1538 434 1616; x_wconf 88' lang='lat' dir='ltr'>tenebrae,</span> <span class='ocrx_word' id='word_1_119' title='bbox 455 1545 542 1598; x_wconf 83' lang='lat' dir='ltr'>nocte</span> <span class='ocrx_word' id='word_1_120' title='bbox 557 1536 620 1606; x_wconf 72' lang='lat' dir='ltr'>lum</span> <span class='ocrx_word' id='word_1_121' title='bbox 639 1538 810 1617; x_wconf 81' lang='lat' dir='ltr'>prodigium</span> <span class='ocrx_word' id='word_1_122' title='bbox 825 1540 902 1619; x_wconf 85' lang='lat' dir='ltr'>quod</span> <span class='ocrx_word' id='word_1_123' title='bbox 918 1538 1020 1599; x_wconf 89' lang='lat' dir='ltr'>solidis</span> <span class='ocrx_word' id='word_1_124' title='bbox 1036 1555 1099 1598; x_wconf 90' lang='lat' dir='ltr'>cor·</span> 
     </span>
     <span class='ocr_line' id='line_1_17' title="bbox 96 1622 1098 1703; baseline 0 -21"><span class='ocrx_word' id='word_1_125' title='bbox 96 1622 215 1703; x_wconf 90' lang='lat' dir='ltr'>poribus</span> <span class='ocrx_word' id='word_1_126' title='bbox 228 1624 415 1701; x_wconf 77' lang='lat' dir='ltr'>conspicitur,</span> <span class='ocrx_word' id='word_1_127' title='bbox 435 1630 465 1682; x_wconf 98' lang='lat' dir='ltr'>ut</span> <span class='ocrx_word' id='word_1_128' title='bbox 481 1622 511 1681; x_wconf 91' lang='lat' dir='ltr'>in</span> <span class='ocrx_word' id='word_1_129' title='bbox 527 1622 611 1682; x_wconf 88' lang='lat' dir='ltr'>caelo</span> <span class='ocrx_word' id='word_1_130' title='bbox 627 1630 759 1682; x_wconf 84' lang='lat' dir='ltr'>cometes</span> <span class='ocrx_word' id='word_1_131' title='bbox 776 1622 861 1683; x_wconf 91' lang='lat' dir='ltr'>stella</span> <span class='ocrx_word' id='word_1_132' title='bbox 877 1632 925 1684; x_wconf 89' lang='lat' dir='ltr'>aut</span> <span class='ocrx_word' id='word_1_133' title='bbox 939 1624 1002 1691; x_wconf 87' lang='lat' dir='ltr'><strong>iax;</strong></span> <span class='ocrx_word' id='word_1_134' title='bbox 1020 1639 1098 1683; x_wconf 94' lang='lat' dir='ltr'><strong>mon·</strong></span> 
     </span>
     <span class='ocr_line' id='line_1_18' title="bbox 94 1706 1098 1787; baseline -0.002 -20"><span class='ocrx_word' id='word_1_135' title='bbox 94 1717 183 1768; x_wconf 92' lang='lat' dir='ltr'>strum</span> <span class='ocrx_word' id='word_1_136' title='bbox 200 1706 278 1786; x_wconf 87' lang='lat' dir='ltr'>quod</span> <span class='ocrx_word' id='word_1_137' title='bbox 297 1706 426 1787; x_wconf 79' lang='lat' dir='ltr'>[contra]</span> <span class='ocrx_word' id='word_1_138' title='bbox 448 1715 578 1768; x_wconf 86' lang='lat' dir='ltr'>naturam</span> <span class='ocrx_word' id='word_1_139' title='bbox 591 1707 737 1786; x_wconf 84' lang='lat' dir='ltr'>cognitam</span> <span class='ocrx_word' id='word_1_140' title='bbox 753 1707 911 1784; x_wconf 83' lang='lat' dir='ltr'>egreditur,</span> <span class='ocrx_word' id='word_1_141' title='bbox 927 1717 957 1767; x_wconf 92' lang='lat' dir='ltr'>ut</span> <span class='ocrx_word' id='word_1_142' title='bbox 973 1724 1098 1784; x_wconf 90' lang='lat' dir='ltr'>serpens</span> 
     </span>
     <span class='ocr_line' id='line_1_19' title="bbox 95 1791 624 1872; baseline -0.008 -19"><span class='ocrx_word' id='word_1_143' title='bbox 95 1811 158 1853; x_wconf 96' lang='lat' dir='ltr'>cum</span> <span class='ocrx_word' id='word_1_144' title='bbox 171 1791 303 1872; x_wconf 83' lang='lat' dir='ltr'>pedibus,</span> <span class='ocrx_word' id='word_1_145' title='bbox 321 1794 383 1852; x_wconf 87' lang='lat' dir='ltr'>avis</span> <span class='ocrx_word' id='word_1_146' title='bbox 402 1811 465 1852; x_wconf 91' lang='lat' dir='ltr'>oum</span> <span class='ocrx_word' id='word_1_147' title='bbox 478 1791 542 1852; x_wconf 91' lang='lat'><em>1111.</em></span> <span class='ocrx_word' id='word_1_148' title='bbox 561 1791 624 1852; x_wconf 90' lang='lat' dir='ltr'><strong>aiis.</strong></span> 
     </span>
     <span class='ocr_line' id='line_1_20' title="bbox 156 1873 1098 1956; baseline -0.002 -20"><span class='ocrx_word' id='word_1_149' title='bbox 156 1877 322 1954; x_wconf 88' lang='lat' dir='ltr'>Properare</span> <span class='ocrx_word' id='word_1_150' title='bbox 342 1885 371 1935; x_wconf 91' lang='lat' dir='ltr'>et</span> <span class='ocrx_word' id='word_1_151' title='bbox 394 1877 548 1956; x_wconf 86' lang='lat' dir='ltr'>festinare]</span> <span class='ocrx_word' id='word_1_152' title='bbox 564 1885 705 1956; x_wconf 87' lang='lat' dir='ltr'>properat</span> <span class='ocrx_word' id='word_1_153' title='bbox 724 1877 772 1956; x_wconf 92' lang='lat' dir='ltr'>qui</span> <span class='ocrx_word' id='word_1_154' title='bbox 787 1895 872 1937; x_wconf 92' lang='lat' dir='ltr'>unum</span> <span class='ocrx_word' id='word_1_155' title='bbox 889 1873 1024 1955; x_wconf 90' lang='lat' dir='ltr'>quodque</span> <span class='ocrx_word' id='word_1_156' title='bbox 1041 1891 1098 1934; x_wconf 93' lang='lat' dir='ltr'>ma·</span> 
     </span>
     <span class='ocr_line' id='line_1_21' title="bbox 59 1958 1055 2040; baseline 0 -22"><span class='ocrx_word' id='word_1_157' title='bbox 59 1976 86 2018; x_wconf 84' lang='lat' dir='ltr'>zo</span> <span class='ocrx_word' id='word_1_158' title='bbox 96 1968 159 2018; x_wconf 91' lang='lat' dir='ltr'>ture</span> <span class='ocrx_word' id='word_1_159' title='bbox 176 1958 324 2034; x_wconf 77' lang='lat' dir='ltr'>transigit3</span> <span class='ocrx_word' id='word_1_160' title='bbox 342 1959 460 2020; x_wconf 86' lang='lat' dir='ltr'>festinat</span> <span class='ocrx_word' id='word_1_161' title='bbox 476 1964 524 2039; x_wconf 90' lang='lat' dir='ltr'>qui</span> <span class='ocrx_word' id='word_1_162' title='bbox 540 1961 623 2021; x_wconf 92' lang='lat' dir='ltr'>simui</span> <span class='ocrx_word' id='word_1_163' title='bbox 638 1962 725 2022; x_wconf 93' lang='lat' dir='ltr'>multa</span> <span class='ocrx_word' id='word_1_164' title='bbox 743 1962 844 2040; x_wconf 91' lang='lat' dir='ltr'>incipit</span> <span class='ocrx_word' id='word_1_165' title='bbox 859 1979 915 2020; x_wconf 89' lang='lat' dir='ltr'>nec</span> <span class='ocrx_word' id='word_1_166' title='bbox 931 1960 1055 2040; x_wconf 84' lang='lat' dir='ltr'>perficit.</span> 
     </span>
     <span class='ocr_line' id='line_1_22' title="bbox 156 2041 1098 2124; baseline 0.001 -21"><span class='ocrx_word' id='word_1_167' title='bbox 156 2041 295 2103; x_wconf 87' lang='lat' dir='ltr'>Polliceri</span> <span class='ocrx_word' id='word_1_168' title='bbox 323 2051 351 2101; x_wconf 92' lang='lat' dir='ltr'>et</span> <span class='ocrx_word' id='word_1_169' title='bbox 374 2045 556 2122; x_wconf 79' lang='lat' dir='ltr'>promittere}</span> <span class='ocrx_word' id='word_1_170' title='bbox 573 2047 764 2123; x_wconf 89' lang='lat' dir='ltr'>promittimus</span> <span class='ocrx_word' id='word_1_171' title='bbox 786 2046 900 2124; x_wconf 85' lang='lat' dir='ltr'>rogati,</span> <span class='ocrx_word' id='word_1_172' title='bbox 925 2043 1098 2124; x_wconf 83' lang='lat' dir='ltr'>pollicemur</span> 
     </span>
     <span class='ocr_line' id='line_1_23' title="bbox 93 2127 180 2188; baseline -0.023 0"><span class='ocrx_word' id='word_1_173' title='bbox 93 2127 180 2188; x_wconf 90' lang='lat' dir='ltr'>uitro.</span> 
     </span>
     <span class='ocr_line' id='line_1_24' title="bbox 157 2211 1098 2292; baseline 0.001 -21"><span class='ocrx_word' id='word_1_174' title='bbox 157 2211 291 2273; x_wconf 86' lang='lat' dir='ltr'>Pecudes</span> <span class='ocrx_word' id='word_1_175' title='bbox 311 2222 340 2271; x_wconf 89' lang='lat' dir='ltr'>et</span> <span class='ocrx_word' id='word_1_176' title='bbox 355 2212 478 2291; x_wconf 83' lang='lat' dir='ltr'>peoora]</span> <span class='ocrx_word' id='word_1_177' title='bbox 497 2211 627 2290; x_wconf 90' lang='lat' dir='ltr'>pecudes</span> <span class='ocrx_word' id='word_1_178' title='bbox 643 2228 715 2271; x_wconf 84' lang='lat' dir='ltr'>oves</span> <span class='ocrx_word' id='word_1_179' title='bbox 732 2221 840 2273; x_wconf 86' lang='lat' dir='ltr'><strong>tantum</strong></span> <span class='ocrx_word' id='word_1_180' title='bbox 856 2214 1030 2292; x_wconf 86' lang='lat' dir='ltr'>accipimus,</span> <span class='ocrx_word' id='word_1_181' title='bbox 1047 2230 1098 2292; x_wconf 93' lang='lat' dir='ltr'>pe-</span> 
     </span>
     <span class='ocr_line' id='line_1_25' title="bbox 95 2295 808 2357; baseline 0.001 -1"><span class='ocrx_word' id='word_1_182' title='bbox 95 2313 165 2357; x_wconf 90' lang='lat' dir='ltr'>cora</span> <span class='ocrx_word' id='word_1_183' title='bbox 181 2306 277 2356; x_wconf 89' lang='lat' dir='ltr'>autem</span> <span class='ocrx_word' id='word_1_184' title='bbox 292 2297 415 2357; x_wconf 82' lang='lat' dir='ltr'>mixtura</span> <span class='ocrx_word' id='word_1_185' title='bbox 433 2298 556 2357; x_wconf 94' lang='lat' dir='ltr'><strong>omnium</strong></span> <span class='ocrx_word' id='word_1_186' title='bbox 571 2295 734 2357; x_wconf 87' lang='lat' dir='ltr'>animalium</span> <span class='ocrx_word' id='word_1_187' title='bbox 753 2306 808 2357; x_wconf 86' lang='lat' dir='ltr'>est.</span> 
     </span>
     <span class='ocr_line' id='line_1_26' title="bbox 61 2379 1098 2461; baseline 0.002 -22"><span class='ocrx_word' id='word_1_188' title='bbox 61 2406 85 2446; x_wconf 63' lang='grc' dir='ltr'>ιι</span> <span class='ocrx_word' id='word_1_189' title='bbox 155 2380 253 2440; x_wconf 90' lang='lat' dir='ltr'><strong>Palam</strong></span> <span class='ocrx_word' id='word_1_190' title='bbox 274 2390 303 2441; x_wconf 87' lang='lat' dir='ltr'>et</span> <span class='ocrx_word' id='word_1_191' title='bbox 326 2381 436 2459; x_wconf 83' lang='lat' dir='ltr'>coram}</span> <span class='ocrx_word' id='word_1_192' title='bbox 460 2379 555 2458; x_wconf 91' lang='lat' dir='ltr'>paiam</span> <span class='ocrx_word' id='word_1_193' title='bbox 581 2381 704 2440; x_wconf 92' lang='lat' dir='ltr'><strong>omnium</strong></span> <span class='ocrx_word' id='word_1_194' title='bbox 725 2383 921 2461; x_wconf 86' lang='lat' dir='ltr'>praesentium</span> <span class='ocrx_word' id='word_1_195' title='bbox 943 2390 1029 2460; x_wconf 83' lang='lat' dir='ltr'><strong>nota,</strong></span> <span class='ocrx_word' id='word_1_196' title='bbox 1049 2398 1098 2441; x_wconf 90' lang='lat' dir='ltr'>eo·</span> 
     </span>
     <span class='ocr_line' id='line_1_27' title="bbox 95 2463 652 2543; baseline 0 -21"><span class='ocrx_word' id='word_1_197' title='bbox 95 2481 155 2522; x_wconf 91' lang='lat' dir='ltr'>ram</span> <span class='ocrx_word' id='word_1_198' title='bbox 171 2483 328 2543; x_wconf 86' lang='lat' dir='ltr'>personam</span> <span class='ocrx_word' id='word_1_199' title='bbox 344 2468 481 2543; x_wconf 89' lang='lat' dir='ltr'>accipere</span> <span class='ocrx_word' id='word_1_200' title='bbox 498 2463 652 2524; x_wconf 88' lang='lat' dir='ltr'>desiderat.</span> 
     </span>
     <span class='ocr_line' id='line_1_28' title="bbox 157 2547 1099 2630; baseline 0.002 -23"><span class='ocrx_word' id='word_1_201' title='bbox 157 2547 286 2608; x_wconf 90' lang='lat' dir='ltr'>Patrium</span> <span class='ocrx_word' id='word_1_202' title='bbox 301 2558 331 2609; x_wconf 90' lang='lat' dir='ltr'>et</span> <span class='ocrx_word' id='word_1_203' title='bbox 349 2549 512 2628; x_wconf 87' lang='lat' dir='ltr'>paternum]</span> <span class='ocrx_word' id='word_1_204' title='bbox 531 2549 653 2627; x_wconf 87' lang='lat' dir='ltr'>patrium</span> <span class='ocrx_word' id='word_1_205' title='bbox 668 2567 684 2609; x_wconf 89' lang='lat' dir='ltr'>a</span> <span class='ocrx_word' id='word_1_206' title='bbox 700 2550 793 2628; x_wconf 89' lang='lat' dir='ltr'>patria</span> <span class='ocrx_word' id='word_1_207' title='bbox 807 2552 901 2630; x_wconf 84' lang='lat' dir='ltr'>venit,</span> <span class='ocrx_word' id='word_1_208' title='bbox 916 2558 1066 2630; x_wconf 87' lang='lat' dir='ltr'>paternum</span> <span class='ocrx_word' id='word_1_209' title='bbox 1082 2566 1099 2610; x_wconf 92' lang='lat' dir='ltr'>a</span> 
     </span>
     <span class='ocr_line' id='line_1_29' title="bbox 10 2641 187 2711; baseline -0.04 -14"><span class='ocrx_word' id='word_1_210' title='bbox 10 2692 12 2697; x_wconf 91' lang='lat'><em>.</em></span> <span class='ocrx_word' id='word_1_211' title='bbox 95 2641 187 2711; x_wconf 86' lang='lat' dir='ltr'>patre.</span> 
     </span>
     <span class='ocr_line' id='line_1_30' title="bbox 155 2716 1096 2798; baseline 0.004 -21"><span class='ocrx_word' id='word_1_212' title='bbox 155 2716 286 2778; x_wconf 92' lang='lat' dir='ltr'>Pomaria</span> <span class='ocrx_word' id='word_1_213' title='bbox 303 2726 331 2777; x_wconf 88' lang='lat' dir='ltr'>et</span> <span class='ocrx_word' id='word_1_214' title='bbox 349 2718 478 2798; x_wconf 84' lang='lat' dir='ltr'>pometa]</span> <span class='ocrx_word' id='word_1_215' title='bbox 496 2718 623 2797; x_wconf 90' lang='lat' dir='ltr'>pomaria</span> <span class='ocrx_word' id='word_1_216' title='bbox 641 2735 712 2782; x_wconf 84' lang='lat' dir='ltr'><strong>vasa</strong></span> <span class='ocrx_word' id='word_1_217' title='bbox 727 2716 862 2796; x_wconf 84' lang='lat' dir='ltr'>dicimus,</span> <span class='ocrx_word' id='word_1_218' title='bbox 880 2718 955 2778; x_wconf 89' lang='lat' dir='ltr'>sicut</span> <span class='ocrx_word' id='word_1_219' title='bbox 970 2717 1096 2788; x_wconf 76' lang='lat' dir='ltr'>oleario:</span> 
     </span>
     <span class='ocr_line' id='line_1_31' title="bbox 57 2801 714 2880; baseline 0.003 -20"><span class='ocrx_word' id='word_1_220' title='bbox 57 2826 84 2870; x_wconf 67' lang='grc' dir='ltr'>ιο</span> <span class='ocrx_word' id='word_1_221' title='bbox 95 2810 212 2879; x_wconf 88' lang='lat' dir='ltr'>pometa</span> <span class='ocrx_word' id='word_1_222' title='bbox 229 2803 304 2861; x_wconf 91' lang='lat' dir='ltr'>sient</span> <span class='ocrx_word' id='word_1_223' title='bbox 320 2801 428 2863; x_wconf 86' lang='lat' dir='ltr'>oliveta</span> <span class='ocrx_word' id='word_1_224' title='bbox 443 2810 473 2861; x_wconf 88' lang='lat' dir='ltr'>et</span> <span class='ocrx_word' id='word_1_225' title='bbox 488 2804 584 2880; x_wconf 86' lang='lat' dir='ltr'>ficeta,</span> <span class='ocrx_word' id='word_1_226' title='bbox 600 2801 714 2862; x_wconf 88' lang='lat' dir='ltr'>maleta.</span> 
     </span>
     <span class='ocr_line' id='line_1_32' title="bbox 155 2884 1099 2967; baseline 0.002 -22"><span class='ocrx_word' id='word_1_227' title='bbox 155 2884 240 2945; x_wconf 91' lang='lat' dir='ltr'>Prior</span> <span class='ocrx_word' id='word_1_228' title='bbox 255 2885 334 2945; x_wconf 88' lang='lat' dir='ltr'>venit</span> <span class='ocrx_word' id='word_1_229' title='bbox 357 2895 385 2945; x_wconf 87' lang='lat' dir='ltr'>et</span> <span class='ocrx_word' id='word_1_230' title='bbox 406 2896 472 2946; x_wconf 87' lang='lat' dir='ltr'><strong>ants</strong></span> <span class='ocrx_word' id='word_1_231' title='bbox 486 2887 579 2966; x_wconf 84' lang='lat' dir='ltr'>venit}</span> <span class='ocrx_word' id='word_1_232' title='bbox 603 2888 685 2966; x_wconf 90' lang='lat' dir='ltr'>prior</span> <span class='ocrx_word' id='word_1_233' title='bbox 708 2885 744 2946; x_wconf 96' lang='lat' dir='ltr'>ad</span> <span class='ocrx_word' id='word_1_234' title='bbox 765 2886 949 2967; x_wconf 86' lang='lat' dir='ltr'>dignitatem,</span> <span class='ocrx_word' id='word_1_235' title='bbox 974 2895 1041 2948; x_wconf 86' lang='lat' dir='ltr'><strong>ants</strong></span> <span class='ocrx_word' id='word_1_236' title='bbox 1063 2885 1099 2948; x_wconf 90' lang='lat' dir='ltr'>ad</span> 
     </span>
     <span class='ocr_line' id='line_1_33' title="bbox 92 2969 357 3048; baseline 0 -18"><span class='ocrx_word' id='word_1_237' title='bbox 92 2978 207 3048; x_wconf 85' lang='lat' dir='ltr'>tempus</span> <span class='ocrx_word' id='word_1_238' title='bbox 224 2969 357 3030; x_wconf 85' lang='lat' dir='ltr'>refertur.</span> 
     </span>
     <span class='ocr_line' id='line_1_34' title="bbox 157 3053 1097 3137; baseline 0.002 -23"><span class='ocrx_word' id='word_1_239' title='bbox 157 3053 280 3114; x_wconf 91' lang='lat' dir='ltr'>Primum</span> <span class='ocrx_word' id='word_1_240' title='bbox 309 3062 337 3114; x_wconf 88' lang='lat' dir='ltr'>et</span> <span class='ocrx_word' id='word_1_241' title='bbox 366 3053 506 3135; x_wconf 85' lang='lat' dir='ltr'>priorem]</span> <span class='ocrx_word' id='word_1_242' title='bbox 538 3055 619 3133; x_wconf 92' lang='lat' dir='ltr'>prior</span> <span class='ocrx_word' id='word_1_243' title='bbox 640 3053 760 3115; x_wconf 89' lang='lat' dir='ltr'>alterum</span> <span class='ocrx_word' id='word_1_244' title='bbox 791 3057 957 3136; x_wconf 80' lang='lat' dir='ltr'>praecedit,</span> <span class='ocrx_word' id='word_1_245' title='bbox 988 3055 1097 3137; x_wconf 90' lang='lat' dir='ltr'>primus</span> 
     </span>
     <span class='ocr_line' id='line_1_35' title="bbox 93 3156 204 3199; baseline -0.036 0"><span class='ocrx_word' id='word_1_246' title='bbox 93 3156 204 3199; x_wconf 86' lang='lat' dir='ltr'>omnes.</span> 
     </span>
     <span class='ocr_line' id='line_1_36' title="bbox 56 3221 1084 3303; baseline 0.001 -18"><span class='ocrx_word' id='word_1_247' title='bbox 56 3243 83 3285; x_wconf 69' lang='lat' dir='ltr'>aa</span> <span class='ocrx_word' id='word_1_248' title='bbox 157 3221 298 3300; x_wconf 91' lang='lat' dir='ltr'>Proprius</span> <span class='ocrx_word' id='word_1_249' title='bbox 319 3231 348 3282; x_wconf 93' lang='lat' dir='ltr'>et</span> <span class='ocrx_word' id='word_1_250' title='bbox 363 3222 496 3303; x_wconf 85' lang='lat' dir='ltr'>propius]</span> <span class='ocrx_word' id='word_1_251' title='bbox 514 3225 652 3301; x_wconf 90' lang='lat' dir='ltr'>proprius</span> <span class='ocrx_word' id='word_1_252' title='bbox 671 3222 791 3302; x_wconf 81' lang='lat' dir='ltr'><strong>domini,</strong></span> <span class='ocrx_word' id='word_1_253' title='bbox 816 3226 936 3303; x_wconf 91' lang='lat' dir='ltr'>propius</span> <span class='ocrx_word' id='word_1_254' title='bbox 960 3233 1005 3285; x_wconf 86' lang='lat' dir='ltr'>est</span> <span class='ocrx_word' id='word_1_255' title='bbox 1025 3224 1084 3288; x_wconf 89' lang='lat' dir='ltr'>loci</span> 
     </span>
     <span class='ocr_line' id='line_1_37' title="bbox 157 3306 1012 3388; baseline 0.002 -21"><span class='ocrx_word' id='word_1_256' title='bbox 157 3306 243 3367; x_wconf 90' lang='lat' dir='ltr'>Paret</span> <span class='ocrx_word' id='word_1_257' title='bbox 259 3315 288 3366; x_wconf 87' lang='lat' dir='ltr'>et</span> <span class='ocrx_word' id='word_1_258' title='bbox 302 3306 437 3387; x_wconf 86' lang='lat' dir='ltr'>apparet]</span> <span class='ocrx_word' id='word_1_259' title='bbox 451 3317 536 3386; x_wconf 86' lang='lat' dir='ltr'>paret</span> <span class='ocrx_word' id='word_1_260' title='bbox 550 3309 684 3386; x_wconf 86' lang='lat' dir='ltr'>imperio,</span> <span class='ocrx_word' id='word_1_261' title='bbox 702 3318 824 3388; x_wconf 91' lang='lat' dir='ltr'>apparet</span> <span class='ocrx_word' id='word_1_262' title='bbox 838 3309 1012 3370; x_wconf 87' lang='lat' dir='ltr'>videntibus.</span> 
     </span>
    </p>
   </div>
   <div class='ocr_carea' id='block_1_5' title="bbox 93 3390 1085 3556">
    <p class='ocr_par' dir='ltr' id='par_1_8' title="bbox 93 3390 1085 3556">
     <span class='ocr_line' id='line_1_38' title="bbox 156 3390 1082 3473; baseline 0.003 -22"><span class='ocrx_word' id='word_1_263' title='bbox 156 3390 239 3451; x_wconf 74' lang='lat' dir='ltr'>Putat</span> <span class='ocrx_word' id='word_1_264' title='bbox 266 3393 403 3452; x_wconf 55' lang='lat' dir='ltr'>*vistimat</span> <span class='ocrx_word' id='word_1_265' title='bbox 422 3393 555 3471; x_wconf 89' lang='lat' dir='ltr'>opinatur</span> <span class='ocrx_word' id='word_1_266' title='bbox 581 3392 736 3455; x_wconf 90' lang='lat' dir='ltr'>arbitratur</span> <span class='ocrx_word' id='word_1_267' title='bbox 758 3402 788 3453; x_wconf 91' lang='lat' dir='ltr'>et</span> <span class='ocrx_word' id='word_1_268' title='bbox 812 3396 974 3473; x_wconf 89' lang='lat' dir='ltr'>suspicatur</span> <span class='ocrx_word' id='word_1_269' title='bbox 994 3394 1023 3456; x_wconf 95' lang='lat' dir='ltr'>id</span> <span class='ocrx_word' id='word_1_270' title='bbox 1043 3409 1082 3454; x_wconf 83' lang='lat' dir='ltr'>ou</span> 
     </span>
     <span class='ocr_line' id='line_1_39' title="bbox 93 3474 1085 3556; baseline 0.005 -35"><span class='ocrx_word' id='word_1_271' title='bbox 93 3474 162 3556; x_wconf 67' lang='lat' dir='ltr'><strong>feri]</strong></span> <span class='ocrx_word' id='word_1_272' title='bbox 183 3495 258 3555; x_wconf 79' lang='lat' dir='ltr'>pn..</span> <span class='ocrx_word' id='word_1_273' title='bbox 287 3476 325 3526; x_wconf 69' lang='lat' dir='ltr'>mi</span> <span class='ocrx_word' id='word_1_274' title='bbox 343 3475 451 3522; x_wconf 63' lang='lat' dir='ltr'>iniussus</span> <span class='ocrx_word' id='word_1_275' title='bbox 488 3478 630 3526; x_wconf 62' lang='lat' dir='ltr'>avssrtmar</span> <span class='ocrx_word' id='word_1_276' title='bbox 649 3496 684 3538; x_wconf 63' lang='grc' dir='ltr'>ιιι</span> <span class='ocrx_word' id='word_1_277' title='bbox 714 3496 745 3525; x_wconf 67' lang='grc' dir='ltr'>ἰι</span> <span class='ocrx_word' id='word_1_278' title='bbox 771 3497 841 3526; x_wconf 69' lang='lat' dir='ltr'>rnen</span> <span class='ocrx_word' id='word_1_279' title='bbox 860 3488 922 3530; x_wconf 63' lang='lat' dir='ltr'>noia</span> <span class='ocrx_word' id='word_1_280' title='bbox 948 3487 1011 3526; x_wconf 73' lang='lat' dir='ltr'><strong>suini</strong></span> <span class='ocrx_word' id='word_1_281' title='bbox 1030 3495 1085 3522; x_wconf 65' lang='lat' dir='ltr'>rm*</span> 
     </span>
    </p>
   </div>
   <div class='ocr_carea' id='block_1_6' title="bbox 0 0 1172 3870">
    <p class='ocr_par' dir='ltr' id='par_1_9' title="bbox 0 0 1172 3870">
     <span class='ocr_line' id='line_1_40' title="bbox 0 0 1172 3870; baseline 0 0"><span class='ocrx_word' id='word_1_282' title='bbox 0 0 1172 3870; x_wconf 95' lang='lat' dir='ltr'> </span> 
     </span>
    </p>
   </div>
  </div>
 </body>
</html>
