2286 3862
371 211 735 271 nrvusvusrnsmnus.
995 205 1056 266 229

60 390 151 441 trema
165 380 358 440 obtestatione
373 377 511 437 ultionem
525 376 686 438 mandantis
702 382 731 435 et
746 382 777 433 ut
790 375 834 433 rei
846 391 874 454 p.
889 373 1057 435 subveniret

61 467 204 545 optantis;
226 463 309 525 simul
324 479 422 523 rumor
437 460 607 543 dissipatus,
627 460 790 521 destinasse
807 458 948 518 victorem
964 459 1055 520 Vitel-

60 550 126 610 lium
141 557 304 628 permutare
325 546 445 606 hiberna
467 546 613 624 legionum
637 554 666 605 et
687 544 874 605 Germanicas
899 543 1057 603 transferre

59 635 87 693 in
100 633 246 693 Orientem
259 631 294 691 ad
308 632 487 691 securiorem
501 630 722 708 mollioremque
733 627 871 688 militiam,
901 627 1057 688 Praeterea

32 732 96 778 sex
112 715 296 797 praesidibus
311 715 526 794 provinciarum
543 714 667 774 Licinius
681 713 830 775 Mucianus
854 720 883 771 et
905 730 922 770 e
937 710 1058 789 regibus

58 803 248 879 Vologaesus
262 798 395 875 Parthus,
412 797 461 858 ille
479 797 613 878 deposita
632 797 785 872 simultate,
804 814 889 875 quam
901 797 929 855 in
945 796 973 855 id
986 805 1057 856 tem·

59 904 114 966 pus
128 903 167 945 ex
181 883 373 944 aemulatione
388 900 446 942 non
462 882 588 943 obscure
608 880 742 960 gerebat,
758 881 907 954 Syriacum
925 879 1060 959 promisit

60 971 235 1046 exercitum,
258 967 306 1027 bic
331 966 522 1046 quadraginta
544 966 622 1027 milia
644 965 871 1042 sagittariorum.
914 966 1088 1045 Suscepto‘l

58 1056 146 1132 igitur
159 1051 239 1112 civili
254 1051 334 1112 bello
350 1069 385 1112 ao
404 1050 523 1111 ducibus
543 1051 696 1129 copiisque
711 1049 739 1107 in
755 1047 866 1108 ltaliam
879 1048 1058 1128 praemissis,

19 1151 47 1192 ιο
58 1139 169 1197 interim
187 1135 394 1196 Alexandriam
408 1136 538 1213 transiit,
555 1143 584 1194 ut
599 1135 724 1194 claustra
744 1133 875 1212 Aegypti
902 1135 1058 1212 optineret.

57 1223 112 1283 Hie
130 1239 193 1281 cum
212 1220 247 1280 de
267 1221 398 1280 iirmitate
413 1219 526 1299 imperii
540 1228 675 1298 capturus
688 1219 846 1296 auspicium
859 1216 961 1277 aedem
974 1218 1058 1279 Sera·

60 1305 135 1383 pidis
150 1304 299 1364 summotis
315 1303 446 1363 omnibus
462 1303 543 1364 solus
558 1305 704 1379 intrasset,
722 1321 757 1362 ac
772 1303 928 1382 propitiato
941 1303 1059 1363 multum

61 1389 118 1448 deo
136 1387 251 1446 tandem
267 1405 299 1445 se
317 1389 527 1462 convertisset,
550 1386 696 1446 verbenas
719 1403 903 1463 coronasque
928 1397 956 1446 et
978 1387 1058 1464 pani-

61 1473 145 1548 ficia,
170 1478 199 1530 ut
219 1469 280 1529 illio
302 1469 428 1545 assolet,
454 1467 597 1529 Basilides
618 1468 740 1527 libertus
762 1468 903 1527 obtulisse
929 1472 956 1527 ei
980 1471 1061 1528 visus

23 1571 50 1611 15
62 1565 122 1626 est;
140 1572 225 1634 quem
240 1571 336 1632 neque
352 1551 505 1613 admissum
517 1571 533 1612 a
548 1569 693 1630 quoquam
705 1559 735 1610 et
745 1552 800 1611 iam
813 1551 926 1629 pridem
939 1560 1062 1631 propter

60 1657 216 1701 nervorum
232 1637 417 1698 valitudinem
430 1638 478 1697 rix
493 1635 607 1714 ingredi
618 1635 766 1715 longeque
779 1634 885 1694 abesse
899 1636 1060 1697 constabat.

60 1726 105 1785 Ac
129 1725 221 1784 statim
245 1721 392 1783 advenere
413 1721 543 1800 litterae,
568 1721 647 1780 fusas
672 1719 748 1800 apud
772 1718 944 1780 Cremonam
959 1720 1061 1782 Vitelli

62 1810 175 1887 copias,
191 1809 285 1887 ipsum
301 1807 330 1865 in
346 1806 417 1866 urbe
436 1808 637 1885 interemptum
652 1807 823 1865 nuntiantes.

123 1886 291 1953 Auctoritas
317 1899 346 1950 et
371 1892 452 1970 quasi
472 1891 609 1950 maiestas
632 1888 772 1970 quaedam
789 1898 818 1949 ut
834 1889 949 1949 scilicet
968 1889 1060 1970 inopi·

23 1986 130 2038 conato
149 1985 178 2034 et
194 1973 287 2035 adbuc
306 1992 383 2033 novo
403 1976 528 2053 principi
552 1972 667 2044 deerat;
688 1974 762 2034 baec
785 1992 901 2053 quoque
923 1976 1059 2035 accessit.

62 2061 87 2120 E
103 2057 191 2137 plebe
206 2056 320 2135 quidam
334 2056 487 2117 luminibus
504 2058 633 2136 orbatus,
652 2060 719 2118 item
732 2057 805 2119 alius
818 2058 906 2119 debili
919 2078 1002 2120 crure
1014 2079 1060 2120 se·

63 2145 179 2204 dentem
192 2159 247 2221 pro
263 2141 398 2201 tribunali
415 2144 525 2220 pariter
541 2141 685 2220 adierunt,
709 2153 827 2203 orantes
849 2160 936 2223 opem
957 2144 1058 2204 ualitu-

63 2228 121 2288 dini
136 2226 386 2287 demonstratama
405 2224 546 2304 Serapide
562 2245 615 2305 per
628 2228 767 2305 quietem:
782 2229 978 2289 restituturum
991 2247 1059 2290 ocu·

62 2314 125 2389 los,
143 2312 167 2371 si
181 2311 352 2389 inspuisset;
377 2310 607 2370 confirmaturum
634 2329 717 2387 crus,
741 2313 765 2371 si
787 2314 954 2391 dignaretur
978 2313 1060 2374 ealce

25 2421 53 2459 ιι
65 2397 245 2472 contingere.
291 2394 361 2456 Cum
384 2396 436 2454 vix
456 2394 528 2454 iides
550 2404 630 2455 esset
650 2395 709 2455 ullo
729 2396 815 2457 modo
831 2416 893 2457 rem
908 2417 1060 2458 successu·

63 2500 133 2557 ram,
149 2479 274 2558 ideoque
290 2498 328 2538 ne
344 2481 471 2558 experiri
487 2479 601 2559 quidem
617 2479 752 2558 auderet,
772 2491 902 2543 extremo
922 2483 1060 2545 hortanti-

63 2565 117 2624 bus
132 2564 230 2623 amicis
245 2563 340 2644 palam
354 2582 406 2643 pro
421 2565 557 2624 contione
569 2574 719 2644 utrumque
731 2569 890 2645 temptavit,
906 2587 961 2629 nee
974 2586 1062 2630 even·

62 2658 108 2709 tus
127 2647 227 2708 deluit.
257 2647 313 2709 Per
327 2647 402 2708 idem
417 2657 530 2728 tempus
546 2648 663 2728 Tegeae
680 2652 708 2709 in
725 2650 851 2712 Arcadia
865 2654 1000 2713 instinctu
1011 2672 1063 2713 va·

63 2734 237 2793 ticinantium
253 2733 362 2794 effossa
379 2743 443 2792 sunt
460 2743 575 2795 sacrato
592 2735 659 2795 loco
675 2753 745 2796 vasa
761 2737 862 2816 operis
876 2738 1001 2818 antiqui,
1021 2748 1060 2799 at·

29 2833 55 2873 ao
66 2834 122 2894 que
137 2818 212 2877 iniis
228 2818 363 2877 assimilis
379 2819 563 2899 Vespasiano
581 2822 687 2897 imago.

128 2899 207 2960 Talis
220 2909 356 2981 tantaque
373 2920 435 2961 cum
450 2903 525 2963 fama
542 2905 569 2962 in
582 2903 682 2964 urbem
695 2923 851 2983 reversus,
876 2916 943 2967 acto
965 2906 1001 2968 de
1015 2907 1060 2968 lu·
1070 2923 1096 2980 g,

64 2984 144 3043 daeis
166 2984 322 3065 triumpho,
345 2986 512 3046 consulatus
534 2996 602 3046 octo
627 2991 719 3048 veteri
740 2988 859 3061 addidit;
880 2994 1012 3071 suscepit
1033 3002 1061 3054 et

66 3086 225 3146 censuram,
244 3087 280 3129 ac
296 3087 350 3149 per
365 3077 454 3128 totum
469 3071 580 3148 imperii
596 3080 710 3150 tempus
726 3073 795 3133 nihil
807 3073 905 3136 babuit
916 3079 1060 3157 antiquius

65 3171 148 3231 quam
170 3171 265 3233 prope
289 3153 423 3214 afflictam
444 3164 647 3235 nutantemque
663 3175 724 3217 rem
744 3176 772 3237 p.
794 3160 924 3221 stabiHre
955 3164 1059 3243 primo,

30 3259 54 3299 aa
66 3235 168 3297 deinde
184 3246 213 3296 et
228 3255 342 3298 ornare.

126 3321 233 3382 Milites
248 3340 315 3401 pars
332 3322 474 3383 victoriae
492 3322 605 3401 fiducia,
622 3343 690 3404 pars
706 3327 881 3405 ignominiae
903 3330 1007 3393 dolore
1023 3333 1060 3394 ad

64 3424 176 3465 omnem
190 3405 335 3466 licentiam
351 3405 556 3488 audaciamque
570 3422 791 3488 processerant;
815 3413 868 3474 sed
894 3425 923 3476 et
943 3420 1059 3496 provin·

65 3492 127 3551 cide
144 3491 334 3571 civitatesque
347 3491 475 3570 liberae,
490 3510 546 3553 nec
560 3512 618 3554 non
639 3502 668 3555 et
688 3515 780 3575 regna
800 3500 941 3578 quaedam
959 3503 1058 3565 tumul·
