<?xml version="1.0" encoding="UTF-8"?>
<!DOCTYPE html PUBLIC "-//W3C//DTD XHTML 1.0 Transitional//EN"
    "http://www.w3.org/TR/xhtml1/DTD/xhtml1-transitional.dtd">
<html xmlns="http://www.w3.org/1999/xhtml" xml:lang="en" lang="en">
 <head>
  <title>
</title>
<meta http-equiv="Content-Type" content="text/html;charset=utf-8" />
  <meta name='ocr-system' content='tesseract 3.04.00' />
  <meta name='ocr-capabilities' content='ocr_page ocr_carea ocr_par ocr_line ocrx_word'/>
</head>
<body>
  <div class='ocr_page' id='page_1' title='image "./csuetonitranqui00trangoog_0104.png"; bbox 0 0 2334 3870; ppageno 0'>
   <div class='ocr_carea' id='block_1_1' title="bbox 436 139 1090 218">
    <p class='ocr_par' dir='ltr' id='par_1_1' title="bbox 436 139 1090 218">
     <span class='ocr_line' id='line_1_1' title="bbox 436 139 1090 218; baseline -0.005 -1"><span class='ocrx_word' id='word_1_1' title='bbox 436 167 644 218; x_wconf 77' lang='lat' dir='ltr'><strong>ranuuumo.</strong></span> <span class='ocrx_word' id='word_1_2' title='bbox 893 164 990 215; x_wconf 80' lang='lat' dir='ltr'><strong>xcvii</strong></span> <span class='ocrx_word' id='word_1_3' title='bbox 1082 139 1090 153; x_wconf 79' lang='grc'><strong><em>’</em></strong></span> 
     </span>
    </p>
   </div>
   <div class='ocr_carea' id='block_1_2' title="bbox 31 326 1054 2917">
    <p class='ocr_par' dir='ltr' id='par_1_2' title="bbox 31 326 1054 2217">
     <span class='ocr_line' id='line_1_2' title="bbox 85 326 987 400; baseline -0.01 -11"><span class='ocrx_word' id='word_1_4' title='bbox 85 351 162 390; x_wconf 89' lang='lat' dir='ltr'><strong>nsum</strong></span> <span class='ocrx_word' id='word_1_5' title='bbox 174 332 300 388; x_wconf 85' lang='lat' dir='ltr'><strong>coniecta</strong></span> <span class='ocrx_word' id='word_1_6' title='bbox 317 335 346 385; x_wconf 88' lang='lat' dir='ltr'><strong>et</strong></span> <span class='ocrx_word' id='word_1_7' title='bbox 360 345 397 384; x_wconf 79' lang='lat' dir='ltr'><strong>ex</strong></span> <span class='ocrx_word' id='word_1_8' title='bbox 407 328 492 385; x_wconf 89' lang='lat' dir='ltr'><strong>variis</strong></span> <span class='ocrx_word' id='word_1_9' title='bbox 505 326 584 384; x_wconf 90' lang='lat' dir='ltr'><strong>libris</strong></span> <span class='ocrx_word' id='word_1_10' title='bbox 596 327 669 383; x_wconf 91' lang='lat' dir='ltr'><strong>iuter</strong></span> <span class='ocrx_word' id='word_1_11' title='bbox 684 326 831 396; x_wconf 85' lang='lat' dir='ltr'><strong>legendum</strong></span> <span class='ocrx_word' id='word_1_12' title='bbox 845 333 987 400; x_wconf 83' lang='lat' dir='ltr'><strong>excerpta.</strong></span> 
     </span>
     <span class='ocr_line' id='line_1_3' title="bbox 85 411 988 489; baseline -0.01 -16"><span class='ocrx_word' id='word_1_13' title='bbox 85 417 185 489; x_wconf 77' lang='lat' dir='ltr'>Incipit</span> <span class='ocrx_word' id='word_1_14' title='bbox 204 415 314 470; x_wconf 92' lang='lat' dir='ltr'><strong>tandem</strong></span> <span class='ocrx_word' id='word_1_15' title='bbox 334 418 400 485; x_wconf 90' lang='lat' dir='ltr'><strong>post</strong></span> <span class='ocrx_word' id='word_1_16' title='bbox 417 413 533 468; x_wconf 91' lang='lat' dir='ltr'><strong>mediam</strong></span> <span class='ocrx_word' id='word_1_17' title='bbox 552 414 639 468; x_wconf 84' lang='lat' dir='ltr'><strong>ferme</strong></span> <span class='ocrx_word' id='word_1_18' title='bbox 657 416 764 484; x_wconf 91' lang='lat' dir='ltr'><strong>partem</strong></span> <span class='ocrx_word' id='word_1_19' title='bbox 781 429 808 482; x_wconf 90' lang='lat' dir='ltr'><strong>p.</strong></span> <span class='ocrx_word' id='word_1_20' title='bbox 825 415 924 479; x_wconf 81' lang='lat'><strong>314,3</strong></span> <span class='ocrx_word' id='word_1_21' title='bbox 944 411 988 465; x_wconf 90' lang='lat' dir='ltr'><strong>in·</strong></span> 
     </span>
     <span class='ocr_line' id='line_1_4' title="bbox 85 495 987 572; baseline -0.006 -15"><span class='ocrx_word' id='word_1_22' title='bbox 85 509 164 572; x_wconf 80' lang='lat' dir='ltr'><strong>teger</strong></span> <span class='ocrx_word' id='word_1_23' title='bbox 181 497 401 555; x_wconf 80' lang='lat' dir='ltr'><strong>differentiarum</strong></span> <span class='ocrx_word' id='word_1_24' title='bbox 417 496 528 552; x_wconf 88' lang='lat' dir='ltr'><strong>libellus</strong></span> <span class='ocrx_word' id='word_1_25' title='bbox 543 496 642 552; x_wconf 88' lang='lat' dir='ltr'><strong>alienis</strong></span> <span class='ocrx_word' id='word_1_26' title='bbox 662 496 745 551; x_wconf 88' lang='lat' dir='ltr'><strong>rebus</strong></span> <span class='ocrx_word' id='word_1_27' title='bbox 763 511 817 550; x_wconf 92' lang='lat' dir='ltr'><strong>non</strong></span> <span class='ocrx_word' id='word_1_28' title='bbox 832 495 987 566; x_wconf 82' lang='lat' dir='ltr'><strong>permixtus</strong></span> 
     </span>
     <span class='ocr_line' id='line_1_5' title="bbox 84 572 988 652; baseline -0.007 -13"><span class='ocrx_word' id='word_1_29' title='bbox 84 593 112 639; x_wconf 89' lang='lat' dir='ltr'><strong>et</strong></span> <span class='ocrx_word' id='word_1_30' title='bbox 133 583 288 638; x_wconf 88' lang='lat' dir='ltr'><strong>litterarum</strong></span> <span class='ocrx_word' id='word_1_31' title='bbox 313 580 411 637; x_wconf 84' lang='lat' dir='ltr'><strong>ordine</strong></span> <span class='ocrx_word' id='word_1_32' title='bbox 433 580 465 635; x_wconf 92' lang='lat' dir='ltr'><strong>ab</strong></span> <span class='ocrx_word' id='word_1_33' title='bbox 490 580 515 634; x_wconf 84' lang='grc' dir='ltr'>Α</span> <span class='ocrx_word' id='word_1_34' title='bbox 539 581 613 635; x_wconf 90' lang='lat' dir='ltr'><strong>adV</strong></span> <span class='ocrx_word' id='word_1_35' title='bbox 636 572 821 652; x_wconf 64' lang='lat' dir='ltr'><strong>deductus94).</strong></span> <span class='ocrx_word' id='word_1_36' title='bbox 868 578 926 633; x_wconf 89' lang='lat' dir='ltr'><strong>Sed</strong></span> <span class='ocrx_word' id='word_1_37' title='bbox 942 579 988 634; x_wconf 88' lang='lat' dir='ltr'><strong>vel</strong></span> 
     </span>
     <span class='ocr_line' id='line_1_6' title="bbox 84 663 990 739; baseline -0.009 -15"><span class='ocrx_word' id='word_1_38' title='bbox 84 686 115 724; x_wconf 88' lang='lat' dir='ltr'><strong>ea</strong></span> <span class='ocrx_word' id='word_1_39' title='bbox 130 684 213 739; x_wconf 91' lang='lat' dir='ltr'><strong>pars,</strong></span> <span class='ocrx_word' id='word_1_40' title='bbox 234 682 286 736; x_wconf 95' lang='lat' dir='ltr'><strong>per</strong></span> <span class='ocrx_word' id='word_1_41' title='bbox 308 681 339 719; x_wconf 89' lang='lat' dir='ltr'><strong>se</strong></span> <span class='ocrx_word' id='word_1_42' title='bbox 362 663 429 718; x_wconf 88' lang='lat' dir='ltr'><strong>satis</strong></span> <span class='ocrx_word' id='word_1_43' title='bbox 445 664 617 733; x_wconf 89' lang='lat' dir='ltr'><strong>aequabilis,</strong></span> <span class='ocrx_word' id='word_1_44' title='bbox 643 680 677 718; x_wconf 90' lang='lat' dir='ltr'><strong>eo</strong></span> <span class='ocrx_word' id='word_1_45' title='bbox 693 663 880 734; x_wconf 76' lang='lat' dir='ltr'>suspicionem</span> <span class='ocrx_word' id='word_1_46' title='bbox 897 667 990 718; x_wconf 88' lang='lat' dir='ltr'><strong>movet</strong></span> 
     </span>
     <span class='ocr_line' id='line_1_7' title="bbox 84 745 989 822; baseline -0.007 -16"><span class='ocrx_word' id='word_1_47' title='bbox 84 751 158 822; x_wconf 88' lang='lat' dir='ltr'><strong>quod</strong></span> <span class='ocrx_word' id='word_1_48' title='bbox 175 749 247 804; x_wconf 93' lang='lat' dir='ltr'><strong>aliae</strong></span> <span class='ocrx_word' id='word_1_49' title='bbox 271 746 439 818; x_wconf 72' lang='lat' dir='ltr'><strong>scriptiones</strong></span> <span class='ocrx_word' id='word_1_50' title='bbox 458 747 518 800; x_wconf 89' lang='lat' dir='ltr'><strong>eius</strong></span> <span class='ocrx_word' id='word_1_51' title='bbox 534 745 645 815; x_wconf 82' lang='lat' dir='ltr'><strong>generis</strong></span> <span class='ocrx_word' id='word_1_52' title='bbox 668 747 822 817; x_wconf 77' lang='lat' dir='ltr'><strong>complures</strong></span> <span class='ocrx_word' id='word_1_53' title='bbox 841 746 989 802; x_wconf 86' lang='lat' dir='ltr'><strong>circumfe-</strong></span> 
     </span>
     <span class='ocr_line' id='line_1_8' title="bbox 85 829 989 902; baseline -0.003 -15"><span class='ocrx_word' id='word_1_54' title='bbox 85 839 200 900; x_wconf 88' lang='lat' dir='ltr'><strong>runtur,</strong></span> <span class='ocrx_word' id='word_1_55' title='bbox 224 832 306 902; x_wconf 90' lang='lat' dir='ltr'><strong>plane</strong></span> <span class='ocrx_word' id='word_1_56' title='bbox 331 830 458 901; x_wconf 76' lang='lat' dir='ltr'><strong>geminae</strong></span> <span class='ocrx_word' id='word_1_57' title='bbox 481 829 582 898; x_wconf 86' lang='lat' dir='ltr'><strong>buius,</strong></span> <span class='ocrx_word' id='word_1_58' title='bbox 605 845 694 898; x_wconf 89' lang='lat' dir='ltr'><strong>neque</strong></span> <span class='ocrx_word' id='word_1_59' title='bbox 718 835 807 883; x_wconf 90' lang='lat' dir='ltr'><strong>tamen</strong></span> <span class='ocrx_word' id='word_1_60' title='bbox 824 832 938 887; x_wconf 85' lang='lat' dir='ltr'><strong>Remmii</strong></span> <span class='ocrx_word' id='word_1_61' title='bbox 961 835 989 885; x_wconf 91' lang='lat' dir='ltr'><strong>et</strong></span> 
     </span>
     <span class='ocr_line' id='line_1_9' title="bbox 63 912 988 985; baseline -0.004 -14"><span class='ocrx_word' id='word_1_62' title='bbox 63 914 213 971; x_wconf 86' lang='lat' dir='ltr'><strong>&#39;Suetonii</strong></span> <span class='ocrx_word' id='word_1_63' title='bbox 236 916 287 971; x_wconf 91' lang='lat' dir='ltr'><strong>sed</strong></span> <span class='ocrx_word' id='word_1_64' title='bbox 303 915 348 970; x_wconf 92' lang='lat' dir='ltr'><strong>vel</strong></span> <span class='ocrx_word' id='word_1_65' title='bbox 375 913 476 970; x_wconf 91' lang='lat' dir='ltr'><strong>lsidori</strong></span> <span class='ocrx_word' id='word_1_66' title='bbox 498 913 544 969; x_wconf 87' lang='lat' dir='ltr'><strong>vel</strong></span> <span class='ocrx_word' id='word_1_67' title='bbox 567 912 669 966; x_wconf 92' lang='lat' dir='ltr'><strong>nullius</strong></span> <span class='ocrx_word' id='word_1_68' title='bbox 690 912 800 966; x_wconf 91' lang='lat' dir='ltr'><strong>nomine</strong></span> <span class='ocrx_word' id='word_1_69' title='bbox 826 913 988 985; x_wconf 75' lang='lat' dir='ltr'><strong>inscriptae.</strong></span> 
     </span>
     <span class='ocr_line' id='line_1_10' title="bbox 83 995 988 1069; baseline -0.003 -15"><span class='ocrx_word' id='word_1_70' title='bbox 83 1001 177 1069; x_wconf 81' lang='lat' dir='ltr'><strong>Auget</strong></span> <span class='ocrx_word' id='word_1_71' title='bbox 194 998 383 1069; x_wconf 89' lang='lat' dir='ltr'><strong>suspicionem</strong></span> <span class='ocrx_word' id='word_1_72' title='bbox 404 998 477 1068; x_wconf 86' lang='lat' dir='ltr'><strong>quod</strong></span> <span class='ocrx_word' id='word_1_73' title='bbox 495 995 642 1051; x_wconf 82' lang='lat' dir='ltr'><strong>Ciceronis</strong></span> <span class='ocrx_word' id='word_1_74' title='bbox 661 1011 773 1066; x_wconf 86' lang='lat' dir='ltr'><strong>quoque</strong></span> <span class='ocrx_word' id='word_1_75' title='bbox 788 1001 816 1048; x_wconf 93' lang='lat' dir='ltr'><strong>et</strong></span> <span class='ocrx_word' id='word_1_76' title='bbox 827 996 948 1065; x_wconf 84' lang='lat' dir='ltr'><strong>Vergilii</strong></span> <span class='ocrx_word' id='word_1_77' title='bbox 960 996 988 1051; x_wconf 91' lang='lat' dir='ltr'><strong>in</strong></span> 
     </span>
     <span class='ocr_line' id='line_1_11' title="bbox 83 1079 990 1148; baseline -0.003 -11"><span class='ocrx_word' id='word_1_78' title='bbox 83 1083 180 1138; x_wconf 89' lang='lat' dir='ltr'><strong>ecdem</strong></span> <span class='ocrx_word' id='word_1_79' title='bbox 204 1081 302 1137; x_wconf 91' lang='lat' dir='ltr'><strong>codiee</strong></span> <span class='ocrx_word' id='word_1_80' title='bbox 326 1079 502 1136; x_wconf 87' lang='lat' dir='ltr'><strong>inveniuntur</strong></span> <span class='ocrx_word' id='word_1_81' title='bbox 524 1079 630 1136; x_wconf 88' lang='lat' dir='ltr'><strong>similes</strong></span> <span class='ocrx_word' id='word_1_82' title='bbox 653 1079 760 1147; x_wconf 85' lang='lat' dir='ltr'><strong>libelli,</strong></span> <span class='ocrx_word' id='word_1_83' title='bbox 788 1095 902 1148; x_wconf 90' lang='lat' dir='ltr'><strong>quorum</strong></span> <span class='ocrx_word' id='word_1_84' title='bbox 922 1095 990 1135; x_wconf 89' lang='lat' dir='ltr'><strong>sane</strong></span> 
     </span>
     <span class='ocr_line' id='line_1_12' title="bbox 82 1162 990 1238; baseline -0.004 -18"><span class='ocrx_word' id='word_1_85' title='bbox 82 1166 183 1238; x_wconf 87' lang='lat' dir='ltr'><strong>nullam</strong></span> <span class='ocrx_word' id='word_1_86' title='bbox 209 1182 272 1220; x_wconf 89' lang='lat' dir='ltr'><strong>esse</strong></span> <span class='ocrx_word' id='word_1_87' title='bbox 296 1180 356 1219; x_wconf 88' lang='lat' dir='ltr'><strong>eum</strong></span> <span class='ocrx_word' id='word_1_88' title='bbox 386 1164 442 1220; x_wconf 93' lang='lat' dir='ltr'><strong>illis</strong></span> <span class='ocrx_word' id='word_1_89' title='bbox 472 1164 634 1221; x_wconf 90' lang='lat' dir='ltr'><strong>auctoribus</strong></span> <span class='ocrx_word' id='word_1_90' title='bbox 658 1162 893 1218; x_wconf 81' lang='lat' dir='ltr'><strong>necessitudinem</strong></span> <span class='ocrx_word' id='word_1_91' title='bbox 917 1163 990 1217; x_wconf 90' lang='lat' dir='ltr'><strong>inter</strong></span> 
     </span>
     <span class='ocr_line' id='line_1_13' title="bbox 83 1243 988 1321; baseline -0.006 -14"><span class='ocrx_word' id='word_1_92' title='bbox 83 1266 177 1307; x_wconf 86' lang='lat' dir='ltr'><strong>omnes</strong></span> <span class='ocrx_word' id='word_1_93' title='bbox 202 1243 364 1321; x_wconf 78' lang='lat' dir='ltr'><strong>constat⁹⁵).</strong></span> <span class='ocrx_word' id='word_1_94' title='bbox 410 1248 537 1319; x_wconf 89' lang='lat' dir='ltr'><strong>Denique</strong></span> <span class='ocrx_word' id='word_1_95' title='bbox 555 1247 580 1303; x_wconf 91' lang='lat' dir='ltr'><strong>is</strong></span> <span class='ocrx_word' id='word_1_96' title='bbox 605 1249 718 1303; x_wconf 88' lang='lat' dir='ltr'><strong>libellus</strong></span> <span class='ocrx_word' id='word_1_97' title='bbox 737 1253 884 1320; x_wconf 90' lang='lat' dir='ltr'><strong>tantopere</strong></span> <span class='ocrx_word' id='word_1_98' title='bbox 901 1248 988 1303; x_wconf 92' lang='lat' dir='ltr'><strong>desti-</strong></span> 
     </span>
     <span class='ocr_line' id='line_1_14' title="bbox 82 1331 1054 1408; baseline -0.002 -21"><span class='ocrx_word' id='word_1_99' title='bbox 82 1334 168 1388; x_wconf 89' lang='lat' dir='ltr'><strong>tuitur</strong></span> <span class='ocrx_word' id='word_1_100' title='bbox 185 1333 258 1387; x_wconf 91' lang='lat' dir='ltr'><strong>omni</strong></span> <span class='ocrx_word' id='word_1_101' title='bbox 273 1331 431 1386; x_wconf 79' lang='lat' dir='ltr'><strong>eruditione</strong></span> <span class='ocrx_word' id='word_1_102' title='bbox 448 1331 602 1399; x_wconf 85' lang='lat' dir='ltr'><strong>solidiore,</strong></span> <span class='ocrx_word' id='word_1_103' title='bbox 624 1338 720 1386; x_wconf 89' lang='lat' dir='ltr'><strong>contra</strong></span> <span class='ocrx_word' id='word_1_104' title='bbox 736 1347 768 1386; x_wconf 93' lang='lat' dir='ltr'><strong>ea</strong></span> <span class='ocrx_word' id='word_1_105' title='bbox 786 1331 856 1386; x_wconf 92' lang='lat' dir='ltr'><strong>adeo</strong></span> <span class='ocrx_word' id='word_1_106' title='bbox 872 1331 988 1402; x_wconf 90' lang='lat' dir='ltr'><strong>ineptiis</strong></span> <span class='ocrx_word' id='word_1_107' title='bbox 1051 1400 1054 1408; x_wconf 75' lang='lat'><strong>.</strong></span> 
     </span>
     <span class='ocr_line' id='line_1_15' title="bbox 84 1413 989 1484; baseline -0.001 -14"><span class='ocrx_word' id='word_1_108' title='bbox 84 1421 183 1484; x_wconf 86' lang='lat' dir='ltr'><strong>scatet,</strong></span> <span class='ocrx_word' id='word_1_109' title='bbox 201 1420 230 1466; x_wconf 93' lang='lat' dir='ltr'><strong>ut</strong></span> <span class='ocrx_word' id='word_1_110' title='bbox 248 1429 303 1467; x_wconf 95' lang='lat' dir='ltr'><strong>non</strong></span> <span class='ocrx_word' id='word_1_111' title='bbox 320 1413 402 1467; x_wconf 92' lang='lat' dir='ltr'><strong>modo</strong></span> <span class='ocrx_word' id='word_1_112' title='bbox 420 1413 546 1467; x_wconf 89' lang='lat' dir='ltr'><strong>Suetonii</strong></span> <span class='ocrx_word' id='word_1_113' title='bbox 561 1413 611 1467; x_wconf 92' lang='lat' dir='ltr'><strong>sed</strong></span> <span class='ocrx_word' id='word_1_114' title='bbox 630 1429 664 1465; x_wconf 93' lang='lat' dir='ltr'><strong>ne</strong></span> <span class='ocrx_word' id='word_1_115' title='bbox 680 1413 793 1467; x_wconf 84' lang='lat' dir='ltr'><strong>Romani</strong></span> <span class='ocrx_word' id='word_1_116' title='bbox 812 1415 923 1482; x_wconf 89' lang='lat' dir='ltr'><strong>quidem</strong></span> <span class='ocrx_word' id='word_1_117' title='bbox 937 1417 989 1469; x_wconf 93' lang='lat' dir='ltr'><strong>ho-</strong></span> 
     </span>
     <span class='ocr_line' id='line_1_16' title="bbox 85 1494 990 1565; baseline -0.003 -15"><span class='ocrx_word' id='word_1_118' title='bbox 85 1497 166 1550; x_wconf 91' lang='lat' dir='ltr'><strong>minis</strong></span> <span class='ocrx_word' id='word_1_119' title='bbox 184 1512 246 1550; x_wconf 88' lang='lat' dir='ltr'><strong>esse</strong></span> <span class='ocrx_word' id='word_1_120' title='bbox 263 1494 363 1565; x_wconf 81' lang='lat' dir='ltr'><strong>possit.</strong></span> <span class='ocrx_word' id='word_1_121' title='bbox 401 1494 472 1547; x_wconf 88' lang='lat' dir='ltr'><strong>Vide</strong></span> <span class='ocrx_word' id='word_1_122' title='bbox 491 1494 572 1548; x_wconf 91' lang='lat' dir='ltr'><strong>modo</strong></span> <span class='ocrx_word' id='word_1_123' title='bbox 590 1509 660 1561; x_wconf 90' lang='lat' dir='ltr'><strong>quae</strong></span> <span class='ocrx_word' id='word_1_124' title='bbox 676 1511 704 1564; x_wconf 92' lang='lat' dir='ltr'><strong>p.</strong></span> <span class='ocrx_word' id='word_1_125' title='bbox 720 1499 781 1558; x_wconf 85' lang='lat'><strong>307,</strong></span> <span class='ocrx_word' id='word_1_126' title='bbox 798 1500 815 1552; x_wconf 87' lang='grc'>6</span> <span class='ocrx_word' id='word_1_127' title='bbox 830 1496 864 1547; x_wconf 92' lang='lat' dir='ltr'><strong>de</strong></span> <span class='ocrx_word' id='word_1_128' title='bbox 880 1497 990 1548; x_wconf 92' lang='lat' dir='ltr'><strong>nomine</strong></span> 
     </span>
     <span class='ocr_line' id='line_1_17' title="bbox 86 1575 990 1650; baseline -0.004 -16"><span class='ocrx_word' id='word_1_129' title='bbox 86 1579 160 1650; x_wconf 92' lang='lat' dir='ltr'><strong>quod</strong></span> <span class='ocrx_word' id='word_1_130' title='bbox 177 1585 220 1633; x_wconf 91' lang='lat' dir='ltr'><strong>est</strong></span> <span class='ocrx_word' id='word_1_131' title='bbox 233 1577 328 1646; x_wconf 80' lang='lat' dir='ltr'><strong>bonos,</strong></span> <span class='ocrx_word' id='word_1_132' title='bbox 344 1595 371 1648; x_wconf 92' lang='lat' dir='ltr'><strong>p.</strong></span> <span class='ocrx_word' id='word_1_133' title='bbox 390 1582 449 1643; x_wconf 81' lang='lat'><strong>308,</strong></span> <span class='ocrx_word' id='word_1_134' title='bbox 463 1584 495 1634; x_wconf 96' lang='grc'><strong>11</strong></span> <span class='ocrx_word' id='word_1_135' title='bbox 512 1575 546 1630; x_wconf 92' lang='lat' dir='ltr'><strong>de</strong></span> <span class='ocrx_word' id='word_1_136' title='bbox 562 1575 702 1630; x_wconf 90' lang='lat' dir='ltr'><strong>adiectivo</strong></span> <span class='ocrx_word' id='word_1_137' title='bbox 718 1589 820 1629; x_wconf 82' lang='lat' dir='ltr'><strong>oeneus</strong></span> <span class='ocrx_word' id='word_1_138' title='bbox 836 1577 881 1630; x_wconf 90' lang='lat' dir='ltr'><strong>vel</strong></span> <span class='ocrx_word' id='word_1_139' title='bbox 897 1577 990 1648; x_wconf 91' lang='lat' dir='ltr'><strong>potius</strong></span> 
     </span>
     <span class='ocr_line' id='line_1_18' title="bbox 85 1658 991 1735; baseline -0.008 -17"><span class='ocrx_word' id='word_1_140' title='bbox 85 1676 194 1735; x_wconf 78' lang='lat' dir='ltr'><strong>oencuc,</strong></span> <span class='ocrx_word' id='word_1_141' title='bbox 214 1681 241 1735; x_wconf 87' lang='lat' dir='ltr'><strong>p.</strong></span> <span class='ocrx_word' id='word_1_142' title='bbox 261 1668 329 1732; x_wconf 84' lang='lat'><strong>309,</strong></span> <span class='ocrx_word' id='word_1_143' title='bbox 346 1666 381 1718; x_wconf 78' lang='lat'><strong>24</strong></span> <span class='ocrx_word' id='word_1_144' title='bbox 396 1661 430 1715; x_wconf 95' lang='lat' dir='ltr'><strong>de</strong></span> <span class='ocrx_word' id='word_1_145' title='bbox 447 1659 635 1715; x_wconf 81' lang='lat' dir='ltr'><strong>numeralibus</strong></span> <span class='ocrx_word' id='word_1_146' title='bbox 651 1659 704 1714; x_wconf 83' lang='lat' dir='ltr'><strong>duc</strong></span> <span class='ocrx_word' id='word_1_147' title='bbox 727 1664 754 1713; x_wconf 90' lang='lat' dir='ltr'><strong>et</strong></span> <span class='ocrx_word' id='word_1_148' title='bbox 769 1658 864 1730; x_wconf 86' lang='lat' dir='ltr'><strong>ambo,</strong></span> <span class='ocrx_word' id='word_1_149' title='bbox 885 1677 913 1730; x_wconf 90' lang='lat' dir='ltr'><strong>p.</strong></span> <span class='ocrx_word' id='word_1_150' title='bbox 929 1666 991 1729; x_wconf 84' lang='lat'><strong>310,</strong></span> 
     </span>
     <span class='ocr_line' id='line_1_19' title="bbox 31 1743 990 1815; baseline -0.009 -10"><span class='ocrx_word' id='word_1_151' title='bbox 31 1786 38 1796; x_wconf 85' lang='lat'><strong>·</strong></span> <span class='ocrx_word' id='word_1_152' title='bbox 85 1754 118 1806; x_wconf 90' lang='lat'><strong>18</strong></span> <span class='ocrx_word' id='word_1_153' title='bbox 133 1754 160 1803; x_wconf 93' lang='lat' dir='ltr'><strong>et</strong></span> <span class='ocrx_word' id='word_1_154' title='bbox 175 1752 209 1807; x_wconf 77' lang='grc'><strong>24</strong></span> <span class='ocrx_word' id='word_1_155' title='bbox 225 1747 259 1802; x_wconf 93' lang='lat' dir='ltr'><strong>de</strong></span> <span class='ocrx_word' id='word_1_156' title='bbox 277 1746 388 1801; x_wconf 90' lang='lat' dir='ltr'><strong>nomine</strong></span> <span class='ocrx_word' id='word_1_157' title='bbox 405 1759 468 1799; x_wconf 84' lang='lat' dir='ltr'><strong>cors</strong></span> <span class='ocrx_word' id='word_1_158' title='bbox 489 1750 517 1798; x_wconf 88' lang='lat' dir='ltr'><strong>et</strong></span> <span class='ocrx_word' id='word_1_159' title='bbox 539 1745 573 1798; x_wconf 88' lang='lat' dir='ltr'><strong>de</strong></span> <span class='ocrx_word' id='word_1_160' title='bbox 591 1743 726 1800; x_wconf 90' lang='lat' dir='ltr'><strong>adverbio</strong></span> <span class='ocrx_word' id='word_1_161' title='bbox 742 1757 858 1813; x_wconf 75' lang='lat' dir='ltr'><strong>retroue,</strong></span> <span class='ocrx_word' id='word_1_162' title='bbox 882 1761 909 1815; x_wconf 91' lang='lat' dir='ltr'><strong>p.</strong></span> <span class='ocrx_word' id='word_1_163' title='bbox 929 1748 990 1814; x_wconf 82' lang='lat'><strong>318,</strong></span> 
     </span>
     <span class='ocr_line' id='line_1_20' title="bbox 83 1827 991 1899; baseline -0.007 -11"><span class='ocrx_word' id='word_1_164' title='bbox 83 1836 117 1890; x_wconf 80' lang='lat'><strong>27</strong></span> <span class='ocrx_word' id='word_1_165' title='bbox 137 1832 170 1886; x_wconf 94' lang='lat' dir='ltr'><strong>de</strong></span> <span class='ocrx_word' id='word_1_166' title='bbox 192 1833 271 1885; x_wconf 80' lang='lat' dir='ltr'><strong>scriis</strong></span> <span class='ocrx_word' id='word_1_167' title='bbox 287 1832 370 1886; x_wconf 87' lang='lat' dir='ltr'><strong>rebus</strong></span> <span class='ocrx_word' id='word_1_168' title='bbox 387 1835 506 1899; x_wconf 85' lang='lat' dir='ltr'><strong>nugatur</strong></span> <span class='ocrx_word' id='word_1_169' title='bbox 521 1827 644 1884; x_wconf 88' lang='lat' dir='ltr'><strong>misellus</strong></span> <span class='ocrx_word' id='word_1_170' title='bbox 666 1828 715 1881; x_wconf 90' lang='lat' dir='ltr'><strong>ille</strong></span> <span class='ocrx_word' id='word_1_171' title='bbox 735 1827 940 1898; x_wconf 82' lang='lat' dir='ltr'><strong>grammatista‚</strong></span> <span class='ocrx_word' id='word_1_172' title='bbox 963 1834 991 1883; x_wconf 90' lang='lat' dir='ltr'><strong>et</strong></span> 
     </span>
     <span class='ocr_line' id='line_1_21' title="bbox 86 1911 990 1985; baseline -0.004 -15"><span class='ocrx_word' id='word_1_173' title='bbox 86 1915 178 1971; x_wconf 88' lang='lat' dir='ltr'><strong>statim</strong></span> <span class='ocrx_word' id='word_1_174' title='bbox 194 1915 229 1969; x_wconf 93' lang='lat' dir='ltr'><strong>de</strong></span> <span class='ocrx_word' id='word_1_175' title='bbox 248 1913 387 1985; x_wconf 88' lang='lat' dir='ltr'><strong>scriptore</strong></span> <span class='ocrx_word' id='word_1_176' title='bbox 406 1912 553 1968; x_wconf 89' lang='lat' dir='ltr'><strong>vetustatis</strong></span> <span class='ocrx_word' id='word_1_177' title='bbox 566 1911 693 1982; x_wconf 76' lang='lat' dir='ltr'><strong>cogitare</strong></span> <span class='ocrx_word' id='word_1_178' title='bbox 712 1911 841 1967; x_wconf 88' lang='lat' dir='ltr'><strong>desieris.</strong></span> <span class='ocrx_word' id='word_1_179' title='bbox 873 1911 939 1969; x_wconf 87' lang='lat' dir='ltr'><strong>Nam</strong></span> <span class='ocrx_word' id='word_1_180' title='bbox 956 1914 990 1967; x_wconf 92' lang='lat' dir='ltr'><strong>de</strong></span> 
     </span>
     <span class='ocr_line' id='line_1_22' title="bbox 85 1995 990 2067; baseline -0.001 -14"><span class='ocrx_word' id='word_1_181' title='bbox 85 1998 213 2053; x_wconf 79' lang='lat' dir='ltr'><strong>absurdis</strong></span> <span class='ocrx_word' id='word_1_182' title='bbox 243 1997 442 2053; x_wconf 84' lang='lat' dir='ltr'><strong>vocabulorum</strong></span> <span class='ocrx_word' id='word_1_183' title='bbox 473 1995 628 2066; x_wconf 85' lang='lat' dir='ltr'><strong>originibus</strong></span> <span class='ocrx_word' id='word_1_184' title='bbox 655 1995 751 2050; x_wconf 90' lang='lat' dir='ltr'><strong>dicere</strong></span> <span class='ocrx_word' id='word_1_185' title='bbox 787 1997 990 2067; x_wconf 86' lang='lat' dir='ltr'><strong>praetermitto,</strong></span> 
     </span>
     <span class='ocr_line' id='line_1_23' title="bbox 86 2078 988 2151; baseline 0.007 -18"><span class='ocrx_word' id='word_1_186' title='bbox 86 2097 147 2133; x_wconf 91' lang='lat' dir='ltr'><strong>cum</strong></span> <span class='ocrx_word' id='word_1_187' title='bbox 163 2080 191 2132; x_wconf 89' lang='lat' dir='ltr'><strong>in</strong></span> <span class='ocrx_word' id='word_1_188' title='bbox 206 2082 260 2134; x_wconf 92' lang='lat' dir='ltr'><strong>hoc</strong></span> <span class='ocrx_word' id='word_1_189' title='bbox 275 2095 380 2148; x_wconf 87' lang='lat' dir='ltr'><strong>genere</strong></span> <span class='ocrx_word' id='word_1_190' title='bbox 396 2081 440 2134; x_wconf 94' lang='lat' dir='ltr'><strong>vel</strong></span> <span class='ocrx_word' id='word_1_191' title='bbox 462 2079 534 2150; x_wconf 91' lang='lat' dir='ltr'><strong>apud</strong></span> <span class='ocrx_word' id='word_1_192' title='bbox 550 2078 758 2150; x_wconf 87' lang='lat' dir='ltr'><strong>antiquissimos</strong></span> <span class='ocrx_word' id='word_1_193' title='bbox 781 2079 849 2135; x_wconf 88' lang='lat' dir='ltr'><strong>nibil</strong></span> <span class='ocrx_word' id='word_1_194' title='bbox 871 2082 931 2138; x_wconf 87' lang='lat' dir='ltr'><strong>iere</strong></span> <span class='ocrx_word' id='word_1_195' title='bbox 946 2081 988 2151; x_wconf 77' lang='lat' dir='ltr'><strong>in·</strong></span> 
     </span>
     <span class='ocr_line' id='line_1_24' title="bbox 87 2161 279 2217; baseline -0.01 0"><span class='ocrx_word' id='word_1_196' title='bbox 87 2161 222 2217; x_wconf 89' lang='lat' dir='ltr'><strong>credibile</strong></span> <span class='ocrx_word' id='word_1_197' title='bbox 234 2161 279 2217; x_wconf 90' lang='lat' dir='ltr'><strong>sit.</strong></span> 
     </span>
    </p>

    <p class='ocr_par' dir='ltr' id='par_1_3' title="bbox 71 2245 992 2917">
     <span class='ocr_line' id='line_1_25' title="bbox 148 2245 984 2316; baseline 0.001 -16"><span class='ocrx_word' id='word_1_198' title='bbox 148 2246 239 2301; x_wconf 86' lang='lat' dir='ltr'><strong>Nihilo</strong></span> <span class='ocrx_word' id='word_1_199' title='bbox 256 2245 344 2300; x_wconf 93' lang='lat' dir='ltr'><strong>minus</strong></span> <span class='ocrx_word' id='word_1_200' title='bbox 360 2250 449 2300; x_wconf 91' lang='lat' dir='ltr'><strong>lamen</strong></span> <span class='ocrx_word' id='word_1_201' title='bbox 462 2245 581 2314; x_wconf 78' lang='lat' dir='ltr'><strong>vestigia</strong></span> <span class='ocrx_word' id='word_1_202' title='bbox 598 2248 729 2316; x_wconf 87' lang='lat' dir='ltr'><strong>quaedam</strong></span> <span class='ocrx_word' id='word_1_203' title='bbox 745 2247 869 2303; x_wconf 90' lang='lat' dir='ltr'><strong>melioris</strong></span> <span class='ocrx_word' id='word_1_204' title='bbox 885 2247 984 2301; x_wconf 91' lang='lat' dir='ltr'><strong>doctri·</strong></span> 
     </span>
     <span class='ocr_line' id='line_1_26' title="bbox 85 2329 991 2402; baseline -0.004 -16"><span class='ocrx_word' id='word_1_205' title='bbox 85 2348 138 2386; x_wconf 87' lang='lat' dir='ltr'><strong>nae</strong></span> <span class='ocrx_word' id='word_1_206' title='bbox 155 2345 296 2402; x_wconf 78' lang='lat' dir='ltr'><strong>agnosco,</strong></span> <span class='ocrx_word' id='word_1_207' title='bbox 319 2346 390 2400; x_wconf 90' lang='lat' dir='ltr'><strong>quae</strong></span> <span class='ocrx_word' id='word_1_208' title='bbox 406 2329 482 2384; x_wconf 90' lang='lat' dir='ltr'><strong>tenui</strong></span> <span class='ocrx_word' id='word_1_209' title='bbox 499 2329 596 2385; x_wconf 86' lang='lat' dir='ltr'><strong>saltem</strong></span> <span class='ocrx_word' id='word_1_210' title='bbox 615 2331 661 2384; x_wconf 87' lang='lat' dir='ltr'><strong>lrlo</strong></span> <span class='ocrx_word' id='word_1_211' title='bbox 678 2331 825 2385; x_wconf 88' lang='lat' dir='ltr'><strong>ostendant</strong></span> <span class='ocrx_word' id='word_1_212' title='bbox 842 2345 903 2384; x_wconf 93' lang='lat' dir='ltr'><strong>cum</strong></span> <span class='ocrx_word' id='word_1_213' title='bbox 919 2329 991 2384; x_wconf 88' lang='lat' dir='ltr'><strong>anti-</strong></span> 
     </span>
     <span class='ocr_line' id='line_1_27' title="bbox 87 2412 992 2485; baseline -0.001 -17"><span class='ocrx_word' id='word_1_214' title='bbox 87 2413 192 2485; x_wconf 89' lang='lat' dir='ltr'><strong>quitate</strong></span> <span class='ocrx_word' id='word_1_215' title='bbox 218 2414 336 2470; x_wconf 87' lang='lat' dir='ltr'><strong>Romana</strong></span> <span class='ocrx_word' id='word_1_216' title='bbox 366 2415 436 2469; x_wconf 91' lang='lat' dir='ltr'><strong>banc</strong></span> <span class='ocrx_word' id='word_1_217' title='bbox 462 2412 643 2484; x_wconf 88' lang='lat' dir='ltr'><strong>scriptionem</strong></span> <span class='ocrx_word' id='word_1_218' title='bbox 664 2414 805 2484; x_wconf 81' lang='lat' dir='ltr'><strong>coniungi.</strong></span> <span class='ocrx_word' id='word_1_219' title='bbox 852 2413 918 2469; x_wconf 82' lang='lat' dir='ltr'><strong>l&#39;ale</strong></span> <span class='ocrx_word' id='word_1_220' title='bbox 949 2419 992 2468; x_wconf 92' lang='lat' dir='ltr'><strong>est</strong></span> 
     </span>
     <span class='ocr_line' id='line_1_28' title="bbox 84 2496 991 2569; baseline 0 -18"><span class='ocrx_word' id='word_1_221' title='bbox 84 2497 189 2567; x_wconf 76' lang='lat' dir='ltr'><strong>Nigidii</strong></span> <span class='ocrx_word' id='word_1_222' title='bbox 206 2515 232 2569; x_wconf 89' lang='lat' dir='ltr'><strong>p.</strong></span> <span class='ocrx_word' id='word_1_223' title='bbox 250 2503 311 2566; x_wconf 83' lang='lat'><strong>318,</strong></span> <span class='ocrx_word' id='word_1_224' title='bbox 327 2503 359 2556; x_wconf 79' lang='lat'><strong>21</strong></span> <span class='ocrx_word' id='word_1_225' title='bbox 376 2497 522 2552; x_wconf 86' lang='lat' dir='ltr'><strong>frustulum</strong></span> <span class='ocrx_word' id='word_1_226' title='bbox 538 2514 669 2568; x_wconf 84' lang='lat' dir='ltr'><strong>nusquam</strong></span> <span class='ocrx_word' id='word_1_227' title='bbox 688 2497 755 2553; x_wconf 93' lang='lat' dir='ltr'><strong>alibi</strong></span> <span class='ocrx_word' id='word_1_228' title='bbox 772 2499 909 2566; x_wconf 89' lang='lat' dir='ltr'><strong>oblatum,</strong></span> <span class='ocrx_word' id='word_1_229' title='bbox 926 2496 991 2552; x_wconf 88' lang='lat' dir='ltr'><strong>talis</strong></span> 
     </span>
     <span class='ocr_line' id='line_1_29' title="bbox 86 2580 990 2655; baseline -0.002 -18"><span class='ocrx_word' id='word_1_230' title='bbox 86 2580 239 2637; x_wconf 88' lang='lat' dir='ltr'><strong>auctoritas</strong></span> <span class='ocrx_word' id='word_1_231' title='bbox 257 2581 643 2655; x_wconf 76' lang='lat' dir='ltr'><strong>p.310,28allalaProcelli,</strong></span> <span class='ocrx_word' id='word_1_232' title='bbox 662 2598 742 2652; x_wconf 89' lang='lat' dir='ltr'><strong>quem</strong></span> <span class='ocrx_word' id='word_1_233' title='bbox 759 2583 875 2638; x_wconf 89' lang='lat' dir='ltr'><strong>eundem</strong></span> <span class='ocrx_word' id='word_1_234' title='bbox 891 2581 990 2637; x_wconf 87' lang='lat' dir='ltr'><strong>existi-</strong></span> 
     </span>
     <span class='ocr_line' id='line_1_30' title="bbox 85 2664 989 2737; baseline -0.001 -16"><span class='ocrx_word' id='word_1_235' title='bbox 85 2683 160 2721; x_wconf 91' lang='lat' dir='ltr'><strong>mare</strong></span> <span class='ocrx_word' id='word_1_236' title='bbox 180 2664 279 2721; x_wconf 90' lang='lat' dir='ltr'><strong>licebit</strong></span> <span class='ocrx_word' id='word_1_237' title='bbox 295 2664 342 2735; x_wconf 89' lang='lat' dir='ltr'><strong>qui</strong></span> <span class='ocrx_word' id='word_1_238' title='bbox 358 2665 522 2720; x_wconf 73' lang='lat' dir='ltr'><strong>‘Porcellus</strong></span> <span class='ocrx_word' id='word_1_239' title='bbox 538 2665 750 2735; x_wconf 81' lang='lat' dir='ltr'><strong>grammaticus&#39;</strong></span> <span class='ocrx_word' id='word_1_240' title='bbox 768 2667 839 2737; x_wconf 91' lang='lat' dir='ltr'><strong>apud</strong></span> <span class='ocrx_word' id='word_1_241' title='bbox 856 2665 989 2722; x_wconf 90' lang='lat' dir='ltr'><strong>Senecam</strong></span> 
     </span>
     <span class='ocr_line' id='line_1_31' title="bbox 85 2748 990 2821; baseline 0 -16"><span class='ocrx_word' id='word_1_242' title='bbox 85 2752 224 2805; x_wconf 89' lang='lat' dir='ltr'><strong>rhetorem</strong></span> <span class='ocrx_word' id='word_1_243' title='bbox 239 2749 267 2804; x_wconf 93' lang='lat' dir='ltr'><strong>in</strong></span> <span class='ocrx_word' id='word_1_244' title='bbox 280 2749 402 2805; x_wconf 86' lang='lat' dir='ltr'><strong>secunda</strong></span> <span class='ocrx_word' id='word_1_245' title='bbox 416 2748 549 2805; x_wconf 87' lang='lat' dir='ltr'><strong>Suasoria</strong></span> <span class='ocrx_word' id='word_1_246' title='bbox 565 2767 592 2821; x_wconf 94' lang='lat' dir='ltr'><strong>p.</strong></span> <span class='ocrx_word' id='word_1_247' title='bbox 602 2755 645 2819; x_wconf 79' lang='lat'><strong>14,</strong></span> <span class='ocrx_word' id='word_1_248' title='bbox 659 2755 692 2809; x_wconf 82' lang='lat'><strong>19</strong></span> <span class='ocrx_word' id='word_1_249' title='bbox 705 2751 783 2805; x_wconf 86' lang='lat' dir='ltr'><strong>Bnrs.</strong></span> <span class='ocrx_word' id='word_1_250' title='bbox 797 2750 908 2819; x_wconf 89' lang='lat' dir='ltr'><strong>dicitur,</strong></span> <span class='ocrx_word' id='word_1_251' title='bbox 924 2751 990 2805; x_wconf 86' lang='lat' dir='ltr'><strong>talia</strong></span> 
     </span>
     <span class='ocr_line' id='line_1_32' title="bbox 71 2833 990 2917; baseline 0.001 -30"><span class='ocrx_word' id='word_1_252' title='bbox 71 2850 157 2917; x_wconf 49' lang='lat' dir='ltr'><strong>‚quae</strong></span> <span class='ocrx_word' id='word_1_253' title='bbox 173 2834 207 2887; x_wconf 91' lang='lat' dir='ltr'><strong>de</strong></span> <span class='ocrx_word' id='word_1_254' title='bbox 225 2833 318 2888; x_wconf 77' lang='lat' dir='ltr'><strong>lrtsb’ic</strong></span> <span class='ocrx_word' id='word_1_255' title='bbox 338 2849 365 2904; x_wconf 88' lang='lat' dir='ltr'><strong>p.</strong></span> <span class='ocrx_word' id='word_1_256' title='bbox 381 2839 443 2903; x_wconf 81' lang='lat'><strong>315,</strong></span> <span class='ocrx_word' id='word_1_257' title='bbox 459 2839 494 2893; x_wconf 87' lang='lat'><strong>13</strong></span> <span class='ocrx_word' id='word_1_258' title='bbox 511 2839 538 2888; x_wconf 90' lang='lat' dir='ltr'><strong>el</strong></span> <span class='ocrx_word' id='word_1_259' title='bbox 553 2833 588 2888; x_wconf 90' lang='lat' dir='ltr'><strong>de</strong></span> <span class='ocrx_word' id='word_1_260' title='bbox 602 2833 736 2888; x_wconf 87' lang='lat' dir='ltr'><strong>adverbio</strong></span> <span class='ocrx_word' id='word_1_261' title='bbox 754 2834 828 2904; x_wconf 91' lang='lat' dir='ltr'><strong>quod</strong></span> <span class='ocrx_word' id='word_1_262' title='bbox 844 2840 887 2889; x_wconf 89' lang='lat' dir='ltr'><strong>est</strong></span> <span class='ocrx_word' id='word_1_263' title='bbox 901 2835 990 2888; x_wconf 83' lang='lat' dir='ltr'><strong>simitu</strong></span> 
     </span>
    </p>
   </div>
   <div class='ocr_carea' id='block_1_3' title="bbox 88 2943 284 2954">
    <p class='ocr_par' dir='ltr' id='par_1_4' title="bbox 88 2943 284 2954">
     <span class='ocr_line' id='line_1_33' title="bbox 88 2943 284 2954; baseline 0.015 -3"><span class='ocrx_word' id='word_1_264' title='bbox 88 2943 284 2954; x_wconf 70' lang='lat'><strong>———..-—</strong></span> 
     </span>
    </p>
   </div>
   <div class='ocr_carea' id='block_1_4' title="bbox 82 3011 1004 3567">
    <p class='ocr_par' dir='ltr' id='par_1_5' title="bbox 84 3011 1004 3218">
     <span class='ocr_line' id='line_1_34' title="bbox 154 3011 991 3080; baseline 0.004 -19"><span class='ocrx_word' id='word_1_265' title='bbox 154 3011 201 3074; x_wconf 86' lang='grc'><strong>94)</strong></span> <span class='ocrx_word' id='word_1_266' title='bbox 223 3011 343 3076; x_wconf 80' lang='lat' dir='ltr'><strong>Magnum</strong></span> <span class='ocrx_word' id='word_1_267' title='bbox 365 3013 461 3064; x_wconf 89' lang='lat' dir='ltr'><strong>hiatum</strong></span> <span class='ocrx_word' id='word_1_268' title='bbox 477 3030 503 3080; x_wconf 85' lang='lat' dir='ltr'><strong>p.</strong></span> <span class='ocrx_word' id='word_1_269' title='bbox 520 3015 578 3075; x_wconf 75' lang='lat'><strong>314,</strong></span> <span class='ocrx_word' id='word_1_270' title='bbox 597 3015 628 3065; x_wconf 89' lang='grc'><strong>10</strong></span> <span class='ocrx_word' id='word_1_271' title='bbox 643 3014 813 3078; x_wconf 84' lang='lat' dir='ltr'><strong>significatum</strong></span> <span class='ocrx_word' id='word_1_272' title='bbox 829 3014 991 3079; x_wconf 87' lang='lat' dir='ltr'><strong>probabiliter</strong></span> 
     </span>
     <span class='ocr_line' id='line_1_35' title="bbox 85 3079 990 3147; baseline 0.003 -17"><span class='ocrx_word' id='word_1_273' title='bbox 85 3079 211 3144; x_wconf 86' lang='lat' dir='ltr'><strong>explebit,</strong></span> <span class='ocrx_word' id='word_1_274' title='bbox 237 3081 279 3143; x_wconf 92' lang='lat' dir='ltr'><strong>qui</strong></span> <span class='ocrx_word' id='word_1_275' title='bbox 295 3081 403 3130; x_wconf 87' lang='lat' dir='ltr'><strong>duarum</strong></span> <span class='ocrx_word' id='word_1_276' title='bbox 424 3083 604 3147; x_wconf 88' lang='lat' dir='ltr'><strong>scriptionum,</strong></span> <span class='ocrx_word' id='word_1_277' title='bbox 624 3098 687 3147; x_wconf 90' lang='lat' dir='ltr'><strong>quas</strong></span> <span class='ocrx_word' id='word_1_278' title='bbox 709 3083 784 3133; x_wconf 90' lang='lat' dir='ltr'><strong>modo</strong></span> <span class='ocrx_word' id='word_1_279' title='bbox 802 3084 828 3131; x_wconf 90' lang='lat' dir='ltr'><strong>in</strong></span> <span class='ocrx_word' id='word_1_280' title='bbox 847 3083 990 3133; x_wconf 91' lang='lat' dir='ltr'><strong>subsidium</strong></span> 
     </span>
     <span class='ocr_line' id='line_1_36' title="bbox 84 3147 1004 3218; baseline 0 -21"><span class='ocrx_word' id='word_1_281' title='bbox 84 3147 169 3198; x_wconf 88' lang='lat' dir='ltr'><strong>critico</strong></span> <span class='ocrx_word' id='word_1_282' title='bbox 184 3149 314 3199; x_wconf 84' lang='lat' dir='ltr'><strong>vocandae</strong></span> <span class='ocrx_word' id='word_1_283' title='bbox 330 3151 454 3210; x_wconf 83' lang='lat' dir='ltr'><strong>diximus,</strong></span> <span class='ocrx_word' id='word_1_284' title='bbox 475 3157 645 3218; x_wconf 83' lang='lat' dir='ltr'><strong>competentes</strong></span> <span class='ocrx_word' id='word_1_285' title='bbox 661 3151 797 3217; x_wconf 88' lang='lat' dir='ltr'><strong>particulas</strong></span> <span class='ocrx_word' id='word_1_286' title='bbox 815 3151 1004 3215; x_wconf 63' lang='lat' dir='ltr'><strong>conquisierit„</strong></span> 
     </span>
    </p>

    <p class='ocr_par' dir='ltr' id='par_1_6' title="bbox 82 3217 988 3492">
     <span class='ocr_line' id='line_1_37' title="bbox 153 3217 988 3285; baseline 0.002 -16"><span class='ocrx_word' id='word_1_287' title='bbox 153 3217 199 3282; x_wconf 84' lang='grc'><strong>95)</strong></span> <span class='ocrx_word' id='word_1_288' title='bbox 219 3218 301 3268; x_wconf 80' lang='lat' dir='ltr'><strong>ludeo</strong></span> <span class='ocrx_word' id='word_1_289' title='bbox 315 3226 400 3271; x_wconf 89' lang='lat' dir='ltr'><strong>tamen</strong></span> <span class='ocrx_word' id='word_1_290' title='bbox 413 3219 542 3271; x_wconf 81' lang='lat' dir='ltr'><strong>Ciceronis</strong></span> <span class='ocrx_word' id='word_1_291' title='bbox 560 3234 711 3285; x_wconf 72' lang='lat' dir='ltr'><strong>synonyma,</strong></span> <span class='ocrx_word' id='word_1_292' title='bbox 725 3221 835 3285; x_wconf 88' lang='lat' dir='ltr'><strong>itemque</strong></span> <span class='ocrx_word' id='word_1_293' title='bbox 853 3219 928 3270; x_wconf 89' lang='lat' dir='ltr'><strong>Plinii</strong></span> <span class='ocrx_word' id='word_1_294' title='bbox 943 3219 988 3271; x_wconf 84' lang='lat' dir='ltr'><strong>Se-</strong></span> 
     </span>
     <span class='ocr_line' id='line_1_38' title="bbox 83 3287 987 3341; baseline 0.002 -5"><span class='ocrx_word' id='word_1_295' title='bbox 83 3287 160 3336; x_wconf 87' lang='lat' dir='ltr'><strong>cundi</strong></span> <span class='ocrx_word' id='word_1_296' title='bbox 181 3289 236 3338; x_wconf 85' lang='lat' dir='ltr'><strong>sire</strong></span> <span class='ocrx_word' id='word_1_297' title='bbox 251 3288 385 3338; x_wconf 81' lang='lat' dir='ltr'><strong>Frontonis</strong></span> <span class='ocrx_word' id='word_1_298' title='bbox 410 3287 565 3339; x_wconf 83' lang='lat' dir='ltr'><strong>differentias</strong></span> <span class='ocrx_word' id='word_1_299' title='bbox 582 3289 714 3339; x_wconf 90' lang='lat' dir='ltr'><strong>verborum</strong></span> <span class='ocrx_word' id='word_1_300' title='bbox 735 3299 760 3339; x_wconf 89' lang='lat' dir='ltr'><strong>et</strong></span> <span class='ocrx_word' id='word_1_301' title='bbox 781 3292 912 3341; x_wconf 89' lang='lat' dir='ltr'><strong>nominum</strong></span> <span class='ocrx_word' id='word_1_302' title='bbox 929 3288 987 3340; x_wconf 87' lang='lat' dir='ltr'><strong>olim</strong></span> 
     </span>
     <span class='ocr_line' id='line_1_39' title="bbox 82 3355 986 3422; baseline 0.002 -17"><span class='ocrx_word' id='word_1_303' title='bbox 82 3357 238 3422; x_wconf 69' lang='lat' dir='ltr'><strong>perscriptas</strong></span> <span class='ocrx_word' id='word_1_304' title='bbox 257 3355 337 3407; x_wconf 81' lang='lat' dir='ltr'><strong>luisse</strong></span> <span class='ocrx_word' id='word_1_305' title='bbox 357 3359 383 3407; x_wconf 90' lang='lat' dir='ltr'><strong>in</strong></span> <span class='ocrx_word' id='word_1_306' title='bbox 401 3366 513 3409; x_wconf 82' lang='lat' dir='ltr'><strong>extremo</strong></span> <span class='ocrx_word' id='word_1_307' title='bbox 536 3359 599 3408; x_wconf 91' lang='lat' dir='ltr'><strong>libro</strong></span> <span class='ocrx_word' id='word_1_308' title='bbox 616 3356 742 3418; x_wconf 71' lang='lat' dir='ltr'><strong>Charisiir</strong></span> <span class='ocrx_word' id='word_1_309' title='bbox 767 3357 814 3413; x_wconf 85' lang='lat' dir='ltr'><strong>cir.</strong></span> <span class='ocrx_word' id='word_1_310' title='bbox 835 3361 867 3409; x_wconf 85' lang='grc' dir='ltr'><strong>Α.</strong></span> <span class='ocrx_word' id='word_1_311' title='bbox 886 3358 936 3410; x_wconf 88' lang='lat' dir='ltr'><strong>Mai</strong></span> <span class='ocrx_word' id='word_1_312' title='bbox 955 3358 986 3407; x_wconf 82' lang='lat' dir='ltr'><strong>ed</strong></span> 
     </span>
     <span class='ocr_line' id='line_1_40' title="bbox 83 3423 488 3492; baseline 0.01 -18"><span class='ocrx_word' id='word_1_313' title='bbox 83 3423 234 3476; x_wconf 79' lang='lat' dir='ltr'><strong>Frontonem</strong></span> <span class='ocrx_word' id='word_1_314' title='bbox 252 3443 277 3492; x_wconf 91' lang='lat' dir='ltr'><strong>p.</strong></span> <span class='ocrx_word' id='word_1_315' title='bbox 297 3426 348 3479; x_wconf 79' lang='grc'><strong>416</strong></span> <span class='ocrx_word' id='word_1_316' title='bbox 362 3428 401 3477; x_wconf 93' lang='lat' dir='ltr'><strong>ed.</strong></span> <span class='ocrx_word' id='word_1_317' title='bbox 416 3428 488 3478; x_wconf 90' lang='lat' dir='ltr'><strong>Rom.</strong></span> 
     </span>
    </p>

    <p class='ocr_par' dir='ltr' id='par_1_7' title="bbox 123 3513 844 3567">
     <span class='ocr_line' id='line_1_41' title="bbox 123 3513 844 3567; baseline 0.006 -20"><span class='ocrx_word' id='word_1_318' title='bbox 123 3513 261 3548; x_wconf 81' lang='lat' dir='ltr'><strong>auaromus.</strong></span> <span class='ocrx_word' id='word_1_319' title='bbox 826 3517 844 3567; x_wconf 70' lang='lat' dir='ltr'><strong>p</strong></span> 
     </span>
    </p>
   </div>
   <div class='ocr_carea' id='block_1_5' title="bbox 0 0 1172 3870">
    <p class='ocr_par' dir='ltr' id='par_1_8' title="bbox 0 0 1172 3870">
     <span class='ocr_line' id='line_1_42' title="bbox 0 0 1172 3870; baseline 0 0"><span class='ocrx_word' id='word_1_320' title='bbox 0 0 1172 3870; x_wconf 95' lang='lat' dir='ltr'><strong> </strong></span> 
     </span>
    </p>
   </div>
  </div>
 </body>
</html>
