<?xml version="1.0" encoding="UTF-8"?>
<!DOCTYPE html PUBLIC "-//W3C//DTD XHTML 1.0 Transitional//EN"
    "http://www.w3.org/TR/xhtml1/DTD/xhtml1-transitional.dtd">
<html xmlns="http://www.w3.org/1999/xhtml" xml:lang="en" lang="en">
 <head>
  <title>
</title>
<meta http-equiv="Content-Type" content="text/html;charset=utf-8" />
  <meta name='ocr-system' content='tesseract 3.04.00' />
  <meta name='ocr-capabilities' content='ocr_page ocr_carea ocr_par ocr_line ocrx_word'/>
</head>
<body>
  <div class='ocr_page' id='page_1' title='image "./csuetonitranqui00trangoog_0211.png"; bbox 0 0 2334 3870; ppageno 0'>
   <div class='ocr_carea' id='block_1_1' title="bbox 124 179 1063 246">
    <p class='ocr_par' dir='ltr' id='par_1_1' title="bbox 124 179 1063 246">
     <span class='ocr_line' id='line_1_1' title="bbox 124 179 1063 246; baseline 0.002 -8"><span class='ocrx_word' id='word_1_1' title='bbox 124 179 183 238; x_wconf 77' lang='lat'>1⁰0</span> <span class='ocrx_word' id='word_1_2' title='bbox 205 189 236 237; x_wconf 86' lang='lat' dir='ltr'>c.</span> <span class='ocrx_word' id='word_1_3' title='bbox 252 188 402 237; x_wconf 78' lang='lat' dir='ltr'>suuuoru</span> <span class='ocrx_word' id='word_1_4' title='bbox 420 186 549 246; x_wconf 73' lang='lat' dir='ltr'>uarro.</span> <span class='ocrx_word' id='word_1_5' title='bbox 564 187 612 233; x_wconf 85' lang='lat' dir='ltr'>nu</span> <span class='ocrx_word' id='word_1_6' title='bbox 626 182 911 234; x_wconf 71' lang='lat' dir='ltr'>murcomannum</span> <span class='ocrx_word' id='word_1_7' title='bbox 925 188 995 236; x_wconf 80' lang='lat' dir='ltr'>uun.</span> <span class='ocrx_word' id='word_1_8' title='bbox 1011 190 1063 240; x_wconf 90' lang='lat' dir='ltr'>m.</span> 
     </span>
    </p>
   </div>
   <div class='ocr_carea' id='block_1_2' title="bbox 76 337 1153 3027">
    <p class='ocr_par' dir='ltr' id='par_1_2' title="bbox 119 337 1153 1075">
     <span class='ocr_line' id='line_1_2' title="bbox 122 337 1123 421; baseline 0.004 -17"><span class='ocrx_word' id='word_1_9' title='bbox 122 345 257 419; x_wconf 88' lang='lat' dir='ltr'>deoerni,</span> <span class='ocrx_word' id='word_1_10' title='bbox 281 361 319 402; x_wconf 90' lang='lat' dir='ltr'>ne</span> <span class='ocrx_word' id='word_1_11' title='bbox 338 350 457 421; x_wconf 89' lang='lat' dir='ltr'>questus</span> <span class='ocrx_word' id='word_1_12' title='bbox 471 339 585 420; x_wconf 89' lang='lat' dir='ltr'>quidem</span> <span class='ocrx_word' id='word_1_13' title='bbox 599 348 654 398; x_wconf 89' lang='lat' dir='ltr'>est.</span> <span class='ocrx_word' id='word_1_14' title='bbox 684 337 822 416; x_wconf 86' lang='lat' dir='ltr'>Negante</span> <span class='ocrx_word' id='word_1_15' title='bbox 835 355 874 399; x_wconf 91' lang='lat' dir='ltr'>eo</span> <span class='ocrx_word' id='word_1_16' title='bbox 888 338 1053 405; x_wconf 88' lang='lat' dir='ltr'>destinatos</span> <span class='ocrx_word' id='word_1_17' title='bbox 1065 363 1123 408; x_wconf 91' lang='lat' dir='ltr'>ma·</span> 
     </span>
     <span class='ocr_line' id='line_1_3' title="bbox 120 421 1123 507; baseline 0.003 -20"><span class='ocrx_word' id='word_1_18' title='bbox 120 428 260 507; x_wconf 85' lang='lat' dir='ltr'>gistratns</span> <span class='ocrx_word' id='word_1_19' title='bbox 280 426 384 486; x_wconf 85' lang='lat' dir='ltr'>abesse</span> <span class='ocrx_word' id='word_1_20' title='bbox 405 433 560 504; x_wconf 74' lang='lat' dir='ltr'>oportere,</span> <span class='ocrx_word' id='word_1_21' title='bbox 580 431 611 482; x_wconf 90' lang='lat' dir='ltr'>ut</span> <span class='ocrx_word' id='word_1_22' title='bbox 631 430 804 503; x_wconf 76' lang='lat' dir='ltr'>praesentes</span> <span class='ocrx_word' id='word_1_23' title='bbox 822 421 927 485; x_wconf 78' lang='lat' dir='ltr'>honori</span> <span class='ocrx_word' id='word_1_24' title='bbox 947 425 1123 506; x_wconf 79' lang='lat' dir='ltr'>adquiesoe</span> 
     </span>
     <span class='ocr_line' id='line_1_4' title="bbox 120 506 1122 591; baseline 0 -19"><span class='ocrx_word' id='word_1_25' title='bbox 120 520 202 588; x_wconf 89' lang='lat' dir='ltr'>rent,</span> <span class='ocrx_word' id='word_1_26' title='bbox 217 520 338 591; x_wconf 84' lang='lat' dir='ltr'>praetor</span> <span class='ocrx_word' id='word_1_27' title='bbox 349 509 516 586; x_wconf 86' lang='lat' dir='ltr'>designatus</span> <span class='ocrx_word' id='word_1_28' title='bbox 532 506 653 566; x_wconf 82' lang='lat' dir='ltr'>liberam</span> <span class='ocrx_word' id='word_1_29' title='bbox 668 507 844 584; x_wconf 77' lang='lat' dir='ltr'>legationen</span> <span class='ocrx_word' id='word_1_30' title='bbox 855 507 1031 587; x_wconf 84' lang='lat' dir='ltr'>impetravit.</span> <span class='ocrx_word' id='word_1_31' title='bbox 1061 512 1122 572; x_wconf 87' lang='lat' dir='ltr'>lte·</span> 
     </span>
     <span class='ocr_line' id='line_1_5' title="bbox 120 588 1121 670; baseline -0.002 -14"><span class='ocrx_word' id='word_1_32' title='bbox 120 614 185 656; x_wconf 90' lang='lat' dir='ltr'>rum</span> <span class='ocrx_word' id='word_1_33' title='bbox 210 603 363 670; x_wconf 84' lang='lat' dir='ltr'>oensente,</span> <span class='ocrx_word' id='word_1_34' title='bbox 389 601 419 652; x_wconf 91' lang='lat' dir='ltr'>ut</span> <span class='ocrx_word' id='word_1_35' title='bbox 441 588 595 652; x_wconf 80' lang='lat' dir='ltr'>Trebianis</span> <span class='ocrx_word' id='word_1_36' title='bbox 618 590 745 667; x_wconf 82' lang='lat' dir='ltr'>legatam</span> <span class='ocrx_word' id='word_1_37' title='bbox 771 591 802 650; x_wconf 89' lang='lat' dir='ltr'>ln</span> <span class='ocrx_word' id='word_1_38' title='bbox 824 606 896 670; x_wconf 88' lang='lat' dir='ltr'>opus</span> <span class='ocrx_word' id='word_1_39' title='bbox 917 595 987 653; x_wconf 80' lang='lat' dir='ltr'>nori</span> <span class='ocrx_word' id='word_1_40' title='bbox 1011 594 1121 655; x_wconf 82' lang='lat' dir='ltr'>theatri</span> 
     </span>
     <span class='ocr_line' id='line_1_6' title="bbox 121 673 1153 760; baseline -0.004 -19"><span class='ocrx_word' id='word_1_41' title='bbox 121 681 273 760; x_wconf 74' lang='lat' dir='ltr'>pecuniam</span> <span class='ocrx_word' id='word_1_42' title='bbox 295 677 331 739; x_wconf 85' lang='lat' dir='ltr'>ad</span> <span class='ocrx_word' id='word_1_43' title='bbox 344 677 529 737; x_wconf 87' lang='lat' dir='ltr'>munitionem</span> <span class='ocrx_word' id='word_1_44' title='bbox 543 677 609 735; x_wconf 82' lang='lat' dir='ltr'>viae</span> <span class='ocrx_word' id='word_1_45' title='bbox 622 674 781 734; x_wconf 84' lang='lat' dir='ltr'>transferre</span> <span class='ocrx_word' id='word_1_46' title='bbox 795 673 1017 755; x_wconf 85' lang='lat' dir='ltr'>ooneoderetur,</span> <span class='ocrx_word' id='word_1_47' title='bbox 1039 680 1116 757; x_wconf 90' lang='lat' dir='ltr'>opti·</span> <span class='ocrx_word' id='word_1_48' title='bbox 1140 698 1153 736; x_wconf 84' lang='grc' dir='ltr'>ι</span> 
     </span>
     <span class='ocr_line' id='line_1_7' title="bbox 121 757 1115 841; baseline -0.004 -16"><span class='ocrx_word' id='word_1_49' title='bbox 121 782 194 825; x_wconf 87' lang='lat' dir='ltr'>nere</span> <span class='ocrx_word' id='word_1_50' title='bbox 212 780 271 824; x_wconf 87' lang='lat' dir='ltr'>non</span> <span class='ocrx_word' id='word_1_51' title='bbox 290 762 385 841; x_wconf 89' lang='lat' dir='ltr'>potuit</span> <span class='ocrx_word' id='word_1_52' title='bbox 398 763 467 840; x_wconf 91' lang='lat' dir='ltr'>quin</span> <span class='ocrx_word' id='word_1_53' title='bbox 480 769 543 820; x_wconf 90' lang='lat' dir='ltr'>rata</span> <span class='ocrx_word' id='word_1_54' title='bbox 556 759 692 820; x_wconf 82' lang='lat' dir='ltr'>voluntas</span> <span class='ocrx_word' id='word_1_55' title='bbox 705 757 849 835; x_wconf 89' lang='lat' dir='ltr'>legatoris</span> <span class='ocrx_word' id='word_1_56' title='bbox 864 767 953 819; x_wconf 90' lang='lat' dir='ltr'>esset.</span> <span class='ocrx_word' id='word_1_57' title='bbox 983 759 1054 821; x_wconf 76' lang='lat' dir='ltr'>(lum</span> <span class='ocrx_word' id='word_1_58' title='bbox 1070 779 1115 821; x_wconf 90' lang='lat' dir='ltr'>se·</span> 
     </span>
     <span class='ocr_line' id='line_1_8' title="bbox 120 842 1121 925; baseline -0.001 -18"><span class='ocrx_word' id='word_1_59' title='bbox 120 855 204 908; x_wconf 80' lang='lat' dir='ltr'>natus</span> <span class='ocrx_word' id='word_1_60' title='bbox 227 846 390 907; x_wconf 86' lang='lat' dir='ltr'>oonsultum</span> <span class='ocrx_word' id='word_1_61' title='bbox 411 864 465 925; x_wconf 90' lang='lat' dir='ltr'>per</span> <span class='ocrx_word' id='word_1_62' title='bbox 483 844 693 905; x_wconf 74' lang='lat' dir='ltr'>diseessiomm</span> <span class='ocrx_word' id='word_1_63' title='bbox 705 842 784 903; x_wconf 89' lang='lat' dir='ltr'>lorte</span> <span class='ocrx_word' id='word_1_64' title='bbox 802 843 906 921; x_wconf 87' lang='lat' dir='ltr'>lieret,</span> <span class='ocrx_word' id='word_1_65' title='bbox 927 852 1121 907; x_wconf 80' lang='lat' dir='ltr'>transeuntem</span> 
     </span>
     <span class='ocr_line' id='line_1_9' title="bbox 119 928 1121 1011; baseline -0.002 -20"><span class='ocrx_word' id='word_1_66' title='bbox 119 948 187 991; x_wconf 73' lang='lat' dir='ltr'>eun</span> <span class='ocrx_word' id='word_1_67' title='bbox 206 931 236 990; x_wconf 88' lang='lat' dir='ltr'>in</span> <span class='ocrx_word' id='word_1_68' title='bbox 250 931 370 992; x_wconf 85' lang='lat' dir='ltr'>alteram</span> <span class='ocrx_word' id='word_1_69' title='bbox 387 939 514 1011; x_wconf 89' lang='lat' dir='ltr'>partem,</span> <span class='ocrx_word' id='word_1_70' title='bbox 535 931 565 988; x_wconf 92' lang='lat' dir='ltr'>in</span> <span class='ocrx_word' id='word_1_71' title='bbox 581 947 637 1008; x_wconf 89' lang='lat' dir='ltr'>qua</span> <span class='ocrx_word' id='word_1_72' title='bbox 650 928 805 1007; x_wconf 73' lang='lat' dir='ltr'>panciores</span> <span class='ocrx_word' id='word_1_73' title='bbox 820 934 919 1005; x_wconf 89' lang='lat' dir='ltr'>erant,</span> <span class='ocrx_word' id='word_1_74' title='bbox 944 937 1063 989; x_wconf 78' lang='lat' dir='ltr'>seentm</span> <span class='ocrx_word' id='word_1_75' title='bbox 1077 937 1121 989; x_wconf 89' lang='lat' dir='ltr'>est</span> 
     </span>
     <span class='ocr_line' id='line_1_10' title="bbox 119 1032 217 1075; baseline -0.02 0"><span class='ocrx_word' id='word_1_76' title='bbox 119 1032 217 1075; x_wconf 76' lang='lat' dir='ltr'>neno.</span> 
     </span>
    </p>

    <p class='ocr_par' dir='ltr' id='par_1_3' title="bbox 117 1095 1149 1428">
     <span class='ocr_line' id='line_1_11' title="bbox 185 1095 1149 1177; baseline -0.002 -18"><span class='ocrx_word' id='word_1_77' title='bbox 185 1097 293 1161; x_wconf 77' lang='lat' dir='ltr'>Cetera</span> <span class='ocrx_word' id='word_1_78' title='bbox 311 1115 427 1177; x_wconf 90' lang='lat' dir='ltr'>quoque</span> <span class='ocrx_word' id='word_1_79' title='bbox 447 1097 561 1155; x_wconf 86' lang='lat' dir='ltr'>nonnisi</span> <span class='ocrx_word' id='word_1_80' title='bbox 581 1114 635 1175; x_wconf 90' lang='lat' dir='ltr'>per</span> <span class='ocrx_word' id='word_1_81' title='bbox 650 1096 835 1172; x_wconf 81' lang='lat' dir='ltr'>magistratus</span> <span class='ocrx_word' id='word_1_82' title='bbox 850 1103 882 1154; x_wconf 90' lang='lat' dir='ltr'>et</span> <span class='ocrx_word' id='word_1_83' title='bbox 895 1095 960 1157; x_wconf 85' lang='lat' dir='ltr'>iure</span> <span class='ocrx_word' id='word_1_84' title='bbox 976 1095 1149 1158; x_wconf 84' lang='lat' dir='ltr'>ordinarium</span> 
     </span>
     <span class='ocr_line' id='line_1_12' title="bbox 118 1178 1120 1260; baseline 0.001 -19"><span class='ocrx_word' id='word_1_85' title='bbox 118 1182 295 1260; x_wconf 82' lang='lat' dir='ltr'>agebantur,</span> <span class='ocrx_word' id='word_1_86' title='bbox 321 1189 398 1241; x_wconf 89' lang='lat' dir='ltr'>tanta</span> <span class='ocrx_word' id='word_1_87' title='bbox 427 1179 578 1239; x_wconf 76' lang='lat' dir='ltr'>consulum</span> <span class='ocrx_word' id='word_1_88' title='bbox 602 1181 775 1240; x_wconf 87' lang='lat' dir='ltr'>auctoritate</span> <span class='ocrx_word' id='word_1_89' title='bbox 794 1187 825 1240; x_wconf 89' lang='lat' dir='ltr'>ut</span> <span class='ocrx_word' id='word_1_90' title='bbox 842 1178 935 1258; x_wconf 80' lang='lat' dir='ltr'>legati</span> <span class='ocrx_word' id='word_1_91' title='bbox 958 1198 998 1241; x_wconf 91' lang='lat' dir='ltr'>ex</span> <span class='ocrx_word' id='word_1_92' title='bbox 1020 1179 1120 1242; x_wconf 79' lang='lat' dir='ltr'>Adrioa</span> 
     </span>
     <span class='ocr_line' id='line_1_13' title="bbox 117 1261 1120 1344; baseline 0 -18"><span class='ocrx_word' id='word_1_93' title='bbox 117 1265 241 1326; x_wconf 85' lang='lat' dir='ltr'>adierint</span> <span class='ocrx_word' id='word_1_94' title='bbox 264 1282 318 1325; x_wconf 91' lang='lat' dir='ltr'>eos</span> <span class='ocrx_word' id='word_1_95' title='bbox 340 1271 512 1343; x_wconf 83' lang='lat' dir='ltr'>querentes,</span> <span class='ocrx_word' id='word_1_96' title='bbox 539 1262 612 1323; x_wconf 88' lang='lat' dir='ltr'>trabi</span> <span class='ocrx_word' id='word_1_97' title='bbox 639 1282 673 1322; x_wconf 90' lang='lat' dir='ltr'>se</span> <span class='ocrx_word' id='word_1_98' title='bbox 694 1282 711 1324; x_wconf 87' lang='lat' dir='ltr'>a</span> <span class='ocrx_word' id='word_1_99' title='bbox 732 1261 858 1324; x_wconf 82' lang='lat' dir='ltr'>Caesare</span> <span class='ocrx_word' id='word_1_100' title='bbox 879 1262 916 1326; x_wconf 86' lang='lat' dir='ltr'>ad</span> <span class='ocrx_word' id='word_1_101' title='bbox 936 1282 1023 1344; x_wconf 85' lang='lat' dir='ltr'>quem</span> <span class='ocrx_word' id='word_1_102' title='bbox 1043 1266 1120 1327; x_wconf 74' lang='lat' dir='ltr'>mIssi</span> 
     </span>
     <span class='ocr_line' id='line_1_14' title="bbox 117 1346 1121 1428; baseline 0.005 -22"><span class='ocrx_word' id='word_1_103' title='bbox 117 1347 225 1408; x_wconf 79' lang='lat' dir='ltr'>forent.</span> <span class='ocrx_word' id='word_1_104' title='bbox 254 1346 319 1408; x_wconf 84' lang='lat' dir='ltr'>Neo</span> <span class='ocrx_word' id='word_1_105' title='bbox 336 1350 454 1424; x_wconf 90' lang='lat' dir='ltr'>mirum,</span> <span class='ocrx_word' id='word_1_106' title='bbox 470 1364 533 1407; x_wconf 88' lang='lat' dir='ltr'>oum</span> <span class='ocrx_word' id='word_1_107' title='bbox 546 1346 640 1426; x_wconf 90' lang='lat' dir='ltr'>palam</span> <span class='ocrx_word' id='word_1_108' title='bbox 656 1356 752 1424; x_wconf 86' lang='lat' dir='ltr'>esset,</span> <span class='ocrx_word' id='word_1_109' title='bbox 772 1349 866 1427; x_wconf 90' lang='lat' dir='ltr'>ipsum</span> <span class='ocrx_word' id='word_1_110' title='bbox 880 1365 997 1428; x_wconf 79' lang='lat' dir='ltr'>qnoque</span> <span class='ocrx_word' id='word_1_111' title='bbox 1012 1349 1121 1411; x_wconf 79' lang='lat' dir='ltr'>eisdem</span> 
     </span>
    </p>

    <p class='ocr_par' dir='ltr' id='par_1_4' title="bbox 76 1429 1151 2017">
     <span class='ocr_line' id='line_1_15' title="bbox 76 1429 1119 1512; baseline -0.003 -14"><span class='ocrx_word' id='word_1_112' title='bbox 76 1441 150 1498; x_wconf 62' lang='lat' dir='ltr'>met</span> <span class='ocrx_word' id='word_1_113' title='bbox 162 1450 318 1510; x_wconf 81' lang='lat' dir='ltr'>assurgere</span> <span class='ocrx_word' id='word_1_114' title='bbox 339 1441 369 1492; x_wconf 88' lang='lat' dir='ltr'>et</span> <span class='ocrx_word' id='word_1_115' title='bbox 385 1431 531 1493; x_wconf 87' lang='lat' dir='ltr'>decedere</span> <span class='ocrx_word' id='word_1_116' title='bbox 547 1432 603 1491; x_wconf 87' lang='lat' dir='ltr'>via.</span> <span class='ocrx_word' id='word_1_117' title='bbox 629 1429 784 1511; x_wconf 19' lang='lat' dir='ltr'>,Corripuit</span> <span class='ocrx_word' id='word_1_118' title='bbox 799 1432 969 1493; x_wconf 83' lang='lat' dir='ltr'>consulares</span> <span class='ocrx_word' id='word_1_119' title='bbox 985 1436 1119 1512; x_wconf 78' lang='lat' dir='ltr'>exereiti·</span> 
     </span>
     <span class='ocr_line' id='line_1_16' title="bbox 117 1514 1151 1597; baseline 0.002 -20"><span class='ocrx_word' id='word_1_120' title='bbox 117 1516 172 1577; x_wconf 89' lang='lat' dir='ltr'>bus</span> <span class='ocrx_word' id='word_1_121' title='bbox 186 1518 384 1596; x_wconf 91' lang='lat' dir='ltr'>praepositos,</span> <span class='ocrx_word' id='word_1_122' title='bbox 401 1516 478 1596; x_wconf 92' lang='lat' dir='ltr'>quod</span> <span class='ocrx_word' id='word_1_123' title='bbox 493 1532 551 1576; x_wconf 93' lang='lat' dir='ltr'>non</span> <span class='ocrx_word' id='word_1_124' title='bbox 566 1514 602 1574; x_wconf 92' lang='lat' dir='ltr'>de</span> <span class='ocrx_word' id='word_1_125' title='bbox 617 1514 705 1576; x_wconf 92' lang='lat' dir='ltr'>rebus</span> <span class='ocrx_word' id='word_1_126' title='bbox 716 1517 809 1594; x_wconf 85' lang='lat' dir='ltr'>gestis</span> <span class='ocrx_word' id='word_1_127' title='bbox 822 1518 933 1576; x_wconf 88' lang='lat' dir='ltr'>senatui</span> <span class='ocrx_word' id='word_1_128' title='bbox 946 1517 1119 1597; x_wconf 82' lang='lat' dir='ltr'>seriberent,</span> <span class='ocrx_word' id='word_1_129' title='bbox 1130 1536 1151 1579; x_wconf 88' lang='grc' dir='ltr'>ιι</span> 
     </span>
     <span class='ocr_line' id='line_1_17' title="bbox 119 1597 1120 1681; baseline 0.003 -21"><span class='ocrx_word' id='word_1_130' title='bbox 119 1600 254 1681; x_wconf 89' lang='lat' dir='ltr'>quodque</span> <span class='ocrx_word' id='word_1_131' title='bbox 274 1600 311 1660; x_wconf 91' lang='lat' dir='ltr'>de</span> <span class='ocrx_word' id='word_1_132' title='bbox 330 1600 488 1660; x_wconf 88' lang='lat' dir='ltr'>tribuendis</span> <span class='ocrx_word' id='word_1_133' title='bbox 504 1597 671 1679; x_wconf 89' lang='lat' dir='ltr'>quibusdam</span> <span class='ocrx_word' id='word_1_134' title='bbox 687 1599 856 1661; x_wconf 88' lang='lat' dir='ltr'>militaribus</span> <span class='ocrx_word' id='word_1_135' title='bbox 871 1599 956 1662; x_wconf 93' lang='lat' dir='ltr'>donis</span> <span class='ocrx_word' id='word_1_136' title='bbox 971 1601 1009 1663; x_wconf 90' lang='lat' dir='ltr'>ad</span> <span class='ocrx_word' id='word_1_137' title='bbox 1024 1620 1058 1663; x_wconf 85' lang='lat' dir='ltr'>se</span> <span class='ocrx_word' id='word_1_138' title='bbox 1075 1623 1120 1663; x_wconf 91' lang='lat' dir='ltr'>re·</span> 
     </span>
     <span class='ocr_line' id='line_1_18' title="bbox 117 1683 1119 1765; baseline 0.002 -20"><span class='ocrx_word' id='word_1_139' title='bbox 117 1685 244 1761; x_wconf 75' lang='lat' dir='ltr'>ferrent,</span> <span class='ocrx_word' id='word_1_140' title='bbox 268 1686 349 1762; x_wconf 89' lang='lat' dir='ltr'>quasi</span> <span class='ocrx_word' id='word_1_141' title='bbox 371 1701 428 1744; x_wconf 91' lang='lat' dir='ltr'>non</span> <span class='ocrx_word' id='word_1_142' title='bbox 451 1685 574 1742; x_wconf 90' lang='lat' dir='ltr'>omnium</span> <span class='ocrx_word' id='word_1_143' title='bbox 595 1683 813 1746; x_wconf 89' lang='lat' dir='ltr'>tribuendorum</span> <span class='ocrx_word' id='word_1_144' title='bbox 829 1685 886 1765; x_wconf 93' lang='lat' dir='ltr'>ipsi</span> <span class='ocrx_word' id='word_1_145' title='bbox 903 1686 948 1745; x_wconf 91' lang='lat' dir='ltr'>lus</span> <span class='ocrx_word' id='word_1_146' title='bbox 967 1684 1119 1748; x_wconf 86' lang='lat' dir='ltr'>baberent.</span> 
     </span>
     <span class='ocr_line' id='line_1_19' title="bbox 117 1765 1120 1845; baseline 0.004 -17"><span class='ocrx_word' id='word_1_147' title='bbox 117 1768 285 1828; x_wconf 86' lang='lat' dir='ltr'>Praetorem</span> <span class='ocrx_word' id='word_1_148' title='bbox 313 1766 510 1842; x_wconf 81' lang='lat' dir='ltr'>conlaudavit,</span> <span class='ocrx_word' id='word_1_149' title='bbox 541 1765 620 1845; x_wconf 93' lang='lat' dir='ltr'>quod</span> <span class='ocrx_word' id='word_1_150' title='bbox 645 1767 758 1829; x_wconf 89' lang='lat' dir='ltr'>bonore</span> <span class='ocrx_word' id='word_1_151' title='bbox 783 1771 854 1830; x_wconf 90' lang='lat' dir='ltr'>inito</span> <span class='ocrx_word' id='word_1_152' title='bbox 881 1769 1120 1832; x_wconf 76' lang='lat' dir='ltr'>consuetudinem</span> 
     </span>
     <span class='ocr_line' id='line_1_20' title="bbox 117 1848 1119 1933; baseline 0.005 -21"><span class='ocrx_word' id='word_1_153' title='bbox 117 1853 260 1929; x_wconf 90' lang='lat' dir='ltr'>antiquam</span> <span class='ocrx_word' id='word_1_154' title='bbox 285 1850 433 1908; x_wconf 87' lang='lat' dir='ltr'>retulisset</span> <span class='ocrx_word' id='word_1_155' title='bbox 462 1848 498 1909; x_wconf 90' lang='lat' dir='ltr'>de</span> <span class='ocrx_word' id='word_1_156' title='bbox 517 1851 675 1911; x_wconf 91' lang='lat' dir='ltr'>maioribus</span> <span class='ocrx_word' id='word_1_157' title='bbox 694 1854 753 1912; x_wconf 91' lang='lat' dir='ltr'>suis</span> <span class='ocrx_word' id='word_1_158' title='bbox 775 1870 830 1933; x_wconf 92' lang='lat' dir='ltr'>pro</span> <span class='ocrx_word' id='word_1_159' title='bbox 852 1855 989 1915; x_wconf 88' lang='lat' dir='ltr'>oontione</span> <span class='ocrx_word' id='word_1_160' title='bbox 1011 1872 1119 1917; x_wconf 77' lang='lat' dir='ltr'>nemo</span> 
     </span>
     <span class='ocr_line' id='line_1_21' title="bbox 116 1931 1148 2017; baseline 0.002 -24"><span class='ocrx_word' id='word_1_161' title='bbox 116 1932 206 1995; x_wconf 84' lang='lat' dir='ltr'>randi.</span> <span class='ocrx_word' id='word_1_162' title='bbox 241 1931 425 2006; x_wconf 80' lang='lat' dir='ltr'>Quorundam</span> <span class='ocrx_word' id='word_1_163' title='bbox 448 1932 599 1994; x_wconf 89' lang='lat' dir='ltr'>illustrium</span> <span class='ocrx_word' id='word_1_164' title='bbox 621 1938 760 2015; x_wconf 85' lang='lat' dir='ltr'>exequias</span> <span class='ocrx_word' id='word_1_165' title='bbox 781 1955 872 2017; x_wconf 92' lang='lat' dir='ltr'>usque</span> <span class='ocrx_word' id='word_1_166' title='bbox 890 1937 926 1998; x_wconf 91' lang='lat' dir='ltr'>ad</span> <span class='ocrx_word' id='word_1_167' title='bbox 941 1955 1046 2016; x_wconf 82' lang='lat' dir='ltr'>rogum</span> <span class='ocrx_word' id='word_1_168' title='bbox 1060 1939 1148 2001; x_wconf 78' lang='lat' dir='ltr'>frear</span> 
     </span>
    </p>

    <p class='ocr_par' dir='ltr' id='par_1_5' title="bbox 156 2017 273 2075">
     <span class='ocr_line' id='line_1_22' title="bbox 156 2017 273 2075; baseline -0.017 0"><span class='ocrx_word' id='word_1_169' title='bbox 156 2017 273 2075; x_wconf 85' lang='lat' dir='ltr'>entavit.</span> 
     </span>
    </p>

    <p class='ocr_par' dir='ltr' id='par_1_6' title="bbox 112 2034 1150 3027">
     <span class='ocr_line' id='line_1_23' title="bbox 115 2034 1120 2184; baseline 0.01 -27"><span class='ocrx_word' id='word_1_170' title='bbox 115 2034 154 2094; x_wconf 66' lang='lat' dir='ltr'>qu</span> <span class='ocrx_word' id='word_1_171' title='bbox 179 2097 282 2159; x_wconf 89' lang='lat' dir='ltr'>Parem</span> <span class='ocrx_word' id='word_1_172' title='bbox 308 2099 535 2162; x_wconf 86' lang='lat' dir='ltr'>moderationem</span> <span class='ocrx_word' id='word_1_173' title='bbox 558 2104 716 2164; x_wconf 88' lang='lat' dir='ltr'>minoribus</span> <span class='ocrx_word' id='word_1_174' title='bbox 743 2122 859 2184; x_wconf 88' lang='lat' dir='ltr'>qnoque</span> <span class='ocrx_word' id='word_1_175' title='bbox 880 2114 910 2165; x_wconf 88' lang='lat' dir='ltr'>et</span> <span class='ocrx_word' id='word_1_176' title='bbox 930 2107 1071 2184; x_wconf 85' lang='lat' dir='ltr'>personis</span> <span class='ocrx_word' id='word_1_177' title='bbox 1087 2114 1120 2167; x_wconf 85' lang='lat' dir='ltr'>et</span> 
     </span>
     <span class='ocr_line' id='line_1_24' title="bbox 114 2180 1119 2267; baseline 0.008 -24"><span class='ocrx_word' id='word_1_178' title='bbox 114 2180 203 2243; x_wconf 86' lang='lat' dir='ltr'>rebus</span> <span class='ocrx_word' id='word_1_179' title='bbox 222 2183 360 2244; x_wconf 85' lang='lat' dir='ltr'>exhibuit.</span> <span class='ocrx_word' id='word_1_180' title='bbox 397 2182 467 2246; x_wconf 79' lang='lat' dir='ltr'>(ium</span> <span class='ocrx_word' id='word_1_181' title='bbox 485 2187 664 2249; x_wconf 85' lang='lat' dir='ltr'>Rhodiorum</span> <span class='ocrx_word' id='word_1_182' title='bbox 685 2191 885 2266; x_wconf 83' lang='lat' dir='ltr'>magistratus,</span> <span class='ocrx_word' id='word_1_183' title='bbox 907 2188 985 2267; x_wconf 91' lang='lat' dir='ltr'>quod</span> <span class='ocrx_word' id='word_1_184' title='bbox 1007 2189 1119 2251; x_wconf 88' lang='lat' dir='ltr'>litteras</span> 
     </span>
     <span class='ocr_line' id='line_1_25' title="bbox 115 2265 1119 2352; baseline 0.01 -27"><span class='ocrx_word' id='word_1_185' title='bbox 115 2265 248 2346; x_wconf 88' lang='lat' dir='ltr'>pubboas</span> <span class='ocrx_word' id='word_1_186' title='bbox 275 2270 337 2330; x_wconf 89' lang='lat' dir='ltr'>sine</span> <span class='ocrx_word' id='word_1_187' title='bbox 359 2269 574 2351; x_wconf 83' lang='lat' dir='ltr'>subscriptione</span> <span class='ocrx_word' id='word_1_188' title='bbox 598 2272 634 2333; x_wconf 91' lang='lat' dir='ltr'>ad</span> <span class='ocrx_word' id='word_1_189' title='bbox 654 2291 687 2332; x_wconf 91' lang='lat' dir='ltr'>se</span> <span class='ocrx_word' id='word_1_190' title='bbox 706 2272 862 2349; x_wconf 87' lang='lat' dir='ltr'>dederant,</span> <span class='ocrx_word' id='word_1_191' title='bbox 886 2283 1061 2352; x_wconf 88' lang='lat' dir='ltr'>evooasset,</span> <span class='ocrx_word' id='word_1_192' title='bbox 1082 2292 1119 2335; x_wconf 90' lang='lat' dir='ltr'>ne</span> 
     </span>
     <span class='ocr_line' id='line_1_26' title="bbox 114 2349 1149 2433; baseline 0.006 -23"><span class='ocrx_word' id='word_1_193' title='bbox 114 2349 208 2412; x_wconf 85' lang='lat' dir='ltr'>verbo</span> <span class='ocrx_word' id='word_1_194' title='bbox 228 2353 343 2433; x_wconf 92' lang='lat' dir='ltr'>quidem</span> <span class='ocrx_word' id='word_1_195' title='bbox 363 2356 520 2417; x_wconf 80' lang='lat' dir='ltr'>insectatus</span> <span class='ocrx_word' id='word_1_196' title='bbox 541 2374 576 2417; x_wconf 86' lang='lat' dir='ltr'>ao</span> <span class='ocrx_word' id='word_1_197' title='bbox 590 2365 697 2417; x_wconf 88' lang='lat' dir='ltr'>tantum</span> <span class='ocrx_word' id='word_1_198' title='bbox 711 2355 797 2417; x_wconf 91' lang='lat' dir='ltr'>modo</span> <span class='ocrx_word' id='word_1_199' title='bbox 816 2358 911 2417; x_wconf 92' lang='lat' dir='ltr'>iussos</span> <span class='ocrx_word' id='word_1_200' title='bbox 931 2356 1149 2419; x_wconf 82' lang='lat' dir='ltr'>subsoriberest</span> 
     </span>
     <span class='ocr_line' id='line_1_27' title="bbox 114 2436 1119 2520; baseline 0.011 -26"><span class='ocrx_word' id='word_1_201' title='bbox 114 2436 234 2495; x_wconf 86' lang='lat' dir='ltr'>remisit.</span> <span class='ocrx_word' id='word_1_202' title='bbox 275 2437 425 2516; x_wconf 86' lang='lat' dir='ltr'>Diogenes</span> <span class='ocrx_word' id='word_1_203' title='bbox 451 2442 670 2518; x_wconf 82' lang='lat' dir='ltr'>grammaticus,</span> <span class='ocrx_word' id='word_1_204' title='bbox 698 2441 845 2520; x_wconf 87' lang='lat' dir='ltr'>disputare</span> <span class='ocrx_word' id='word_1_205' title='bbox 869 2439 998 2501; x_wconf 89' lang='lat' dir='ltr'>sabbatis</span> <span class='ocrx_word' id='word_1_206' title='bbox 1022 2441 1119 2505; x_wconf 76' lang='lat' dir='ltr'>Rbodi</span> 
     </span>
     <span class='ocr_line' id='line_1_28' title="bbox 114 2519 1118 2602; baseline 0.01 -24"><span class='ocrx_word' id='word_1_207' title='bbox 114 2519 228 2597; x_wconf 91' lang='lat' dir='ltr'>solitus,</span> <span class='ocrx_word' id='word_1_208' title='bbox 244 2524 409 2583; x_wconf 84' lang='lat' dir='ltr'>venientem</span> <span class='ocrx_word' id='word_1_209' title='bbox 425 2541 504 2601; x_wconf 91' lang='lat' dir='ltr'>eum,</span> <span class='ocrx_word' id='word_1_210' title='bbox 520 2533 550 2584; x_wconf 92' lang='lat' dir='ltr'>ut</span> <span class='ocrx_word' id='word_1_211' title='bbox 565 2542 598 2583; x_wconf 88' lang='lat' dir='ltr'>se</span> <span class='ocrx_word' id='word_1_212' title='bbox 615 2533 697 2586; x_wconf 88' lang='lat' dir='ltr'>extra</span> <span class='ocrx_word' id='word_1_213' title='bbox 712 2524 841 2587; x_wconf 88' lang='lat' dir='ltr'>ordinem</span> <span class='ocrx_word' id='word_1_214' title='bbox 856 2525 978 2602; x_wconf 89' lang='lat' dir='ltr'>audiret,</span> <span class='ocrx_word' id='word_1_215' title='bbox 996 2543 1056 2587; x_wconf 93' lang='lat' dir='ltr'>non</span> <span class='ocrx_word' id='word_1_216' title='bbox 1071 2526 1118 2588; x_wconf 90' lang='lat' dir='ltr'>ad·</span> 
     </span>
     <span class='ocr_line' id='line_1_29' title="bbox 113 2603 1117 2688; baseline 0.009 -26"><span class='ocrx_word' id='word_1_217' title='bbox 113 2603 231 2664; x_wconf 88' lang='lat' dir='ltr'>miserat</span> <span class='ocrx_word' id='word_1_218' title='bbox 254 2623 289 2664; x_wconf 90' lang='lat' dir='ltr'>ao</span> <span class='ocrx_word' id='word_1_219' title='bbox 310 2625 364 2685; x_wconf 88' lang='lat' dir='ltr'>per</span> <span class='ocrx_word' id='word_1_220' title='bbox 384 2607 531 2669; x_wconf 86' lang='lat' dir='ltr'>servolum</span> <span class='ocrx_word' id='word_1_221' title='bbox 553 2626 632 2668; x_wconf 92' lang='lat' dir='ltr'>suum</span> <span class='ocrx_word' id='word_1_222' title='bbox 649 2611 678 2668; x_wconf 92' lang='lat' dir='ltr'>in</span> <span class='ocrx_word' id='word_1_223' title='bbox 694 2611 846 2688; x_wconf 89' lang='lat' dir='ltr'>septimum</span> <span class='ocrx_word' id='word_1_224' title='bbox 861 2609 936 2670; x_wconf 90' lang='lat' dir='ltr'>diem</span> <span class='ocrx_word' id='word_1_225' title='bbox 952 2609 1117 2682; x_wconf 79' lang='lat' dir='ltr'>distulerat:</span> 
     </span>
     <span class='ocr_line' id='line_1_30' title="bbox 112 2686 1118 2772; baseline 0.007 -24"><span class='ocrx_word' id='word_1_226' title='bbox 112 2686 190 2748; x_wconf 88' lang='lat' dir='ltr'>buno</span> <span class='ocrx_word' id='word_1_227' title='bbox 205 2688 327 2766; x_wconf 84' lang='lat' dir='ltr'>Romae,</span> <span class='ocrx_word' id='word_1_228' title='bbox 343 2689 483 2752; x_wconf 88' lang='lat' dir='ltr'>salutandi</span> <span class='ocrx_word' id='word_1_229' title='bbox 498 2694 542 2752; x_wconf 93' lang='lat' dir='ltr'>sui</span> <span class='ocrx_word' id='word_1_230' title='bbox 558 2711 643 2753; x_wconf 86' lang='lat' dir='ltr'>eausa</span> <span class='ocrx_word' id='word_1_231' title='bbox 658 2692 839 2772; x_wconf 84' lang='lat' dir='ltr'>proforibus</span> <span class='ocrx_word' id='word_1_232' title='bbox 854 2693 1031 2772; x_wconf 87' lang='lat' dir='ltr'>adstantem,</span> <span class='ocrx_word' id='word_1_233' title='bbox 1047 2694 1118 2757; x_wconf 84' lang='lat' dir='ltr'>nibil</span> 
     </span>
     <span class='ocr_line' id='line_1_31' title="bbox 113 2770 1150 2855; baseline 0.007 -23"><span class='ocrx_word' id='word_1_234' title='bbox 113 2770 234 2851; x_wconf 88' lang='lat' dir='ltr'>amplius</span> <span class='ocrx_word' id='word_1_235' title='bbox 258 2791 342 2851; x_wconf 86' lang='lat' dir='ltr'>quarn</span> <span class='ocrx_word' id='word_1_236' title='bbox 367 2783 397 2834; x_wconf 89' lang='lat' dir='ltr'>ut</span> <span class='ocrx_word' id='word_1_237' title='bbox 423 2785 490 2853; x_wconf 91' lang='lat' dir='ltr'>post</span> <span class='ocrx_word' id='word_1_238' title='bbox 515 2779 666 2855; x_wconf 86' lang='lat' dir='ltr'>septimum</span> <span class='ocrx_word' id='word_1_239' title='bbox 691 2796 794 2840; x_wconf 91' lang='lat' dir='ltr'>annum</span> <span class='ocrx_word' id='word_1_240' title='bbox 821 2778 930 2839; x_wconf 90' lang='lat' dir='ltr'>rediret</span> <span class='ocrx_word' id='word_1_241' title='bbox 960 2778 1150 2842; x_wconf 61' lang='lat' dir='ltr'>admonuit»</span> 
     </span>
     <span class='ocr_line' id='line_1_32' title="bbox 112 2854 1118 2940; baseline 0.009 -24"><span class='ocrx_word' id='word_1_242' title='bbox 112 2854 296 2917; x_wconf 85' lang='lat' dir='ltr'>Praesidibus</span> <span class='ocrx_word' id='word_1_243' title='bbox 317 2859 477 2919; x_wconf 90' lang='lat' dir='ltr'>onerandas</span> <span class='ocrx_word' id='word_1_244' title='bbox 497 2860 604 2921; x_wconf 88' lang='lat' dir='ltr'>tributo</span> <span class='ocrx_word' id='word_1_245' title='bbox 626 2863 792 2940; x_wconf 83' lang='lat' dir='ltr'>provincias</span> <span class='ocrx_word' id='word_1_246' title='bbox 811 2863 997 2925; x_wconf 87' lang='lat' dir='ltr'>suadentibus</span> <span class='ocrx_word' id='word_1_247' title='bbox 1011 2864 1118 2925; x_wconf 86' lang='lat' dir='ltr'>resorl·</span> 
     </span>
     <span class='ocr_line' id='line_1_33' title="bbox 115 2938 1046 3027; baseline 0.011 -28"><span class='ocrx_word' id='word_1_248' title='bbox 115 2941 188 3019; x_wconf 88' lang='lat' dir='ltr'>psit,</span> <span class='ocrx_word' id='word_1_249' title='bbox 204 2938 278 3000; x_wconf 76' lang='lat' dir='ltr'>boos·</span> <span class='ocrx_word' id='word_1_250' title='bbox 288 2942 431 3018; x_wconf 83' lang='lat' dir='ltr'>postoris</span> <span class='ocrx_word' id='word_1_251' title='bbox 447 2961 515 3005; x_wconf 81' lang='lat' dir='ltr'>esse</span> <span class='ocrx_word' id='word_1_252' title='bbox 529 2945 776 3025; x_wconf 78' lang='lat' dir='ltr'>tonderepeooa,</span> <span class='ocrx_word' id='word_1_253' title='bbox 794 2965 855 3008; x_wconf 79' lang='lat' dir='ltr'>ooo</span> <span class='ocrx_word' id='word_1_254' title='bbox 871 2946 1046 3027; x_wconf 70' lang='lat' dir='ltr'>deglubere.</span> 
     </span>
    </p>
   </div>
   <div class='ocr_carea' id='block_1_3' title="bbox 76 3022 1150 3365">
    <p class='ocr_par' dir='ltr' id='par_1_7' title="bbox 76 3022 1150 3365">
     <span class='ocr_line' id='line_1_34' title="bbox 76 3022 1117 3111; baseline 0.011 -28"><span class='ocrx_word' id='word_1_255' title='bbox 76 3047 107 3076; x_wconf 50' lang='lat' dir='ltr'>es</span> <span class='ocrx_word' id='word_1_256' title='bbox 176 3022 312 3085; x_wconf 87' lang='lat' dir='ltr'>Paulatim</span> <span class='ocrx_word' id='word_1_257' title='bbox 328 3028 488 3106; x_wconf 88' lang='lat' dir='ltr'>prinoipem</span> <span class='ocrx_word' id='word_1_258' title='bbox 505 3032 628 3108; x_wconf 88' lang='lat' dir='ltr'>exeruit,</span> <span class='ocrx_word' id='word_1_259' title='bbox 643 3032 844 3111; x_wconf 86' lang='lat' dir='ltr'>praestititque</span> <span class='ocrx_word' id='word_1_260' title='bbox 859 3033 913 3091; x_wconf 89' lang='lat' dir='ltr'>etsi</span> <span class='ocrx_word' id='word_1_261' title='bbox 931 3032 1040 3093; x_wconf 86' lang='lat' dir='ltr'>varium</span> <span class='ocrx_word' id='word_1_262' title='bbox 1057 3032 1117 3111; x_wconf 88' lang='lat' dir='ltr'>diu,</span> 
     </span>
     <span class='ocr_line' id='line_1_35' title="bbox 125 3107 1117 3196; baseline 0.009 -26"><span class='ocrx_word' id='word_1_263' title='bbox 125 3107 338 3170; x_wconf 58' lang='lat' dir='ltr'>*ommodiorem</span> <span class='ocrx_word' id='word_1_264' title='bbox 359 3119 453 3171; x_wconf 87' lang='lat' dir='ltr'>tamen</span> <span class='ocrx_word' id='word_1_265' title='bbox 471 3115 586 3192; x_wconf 89' lang='lat' dir='ltr'>saepius</span> <span class='ocrx_word' id='word_1_266' title='bbox 605 3123 634 3174; x_wconf 89' lang='lat' dir='ltr'>et</span> <span class='ocrx_word' id='word_1_267' title='bbox 651 3114 686 3174; x_wconf 94' lang='lat' dir='ltr'>ad</span> <span class='ocrx_word' id='word_1_268' title='bbox 705 3115 842 3177; x_wconf 88' lang='lat' dir='ltr'>utilitates</span> <span class='ocrx_word' id='word_1_269' title='bbox 854 3115 985 3195; x_wconf 88' lang='lat' dir='ltr'>publioas</span> <span class='ocrx_word' id='word_1_270' title='bbox 997 3118 1117 3196; x_wconf 91' lang='lat' dir='ltr'>pronio-</span> 
     </span>
     <span class='ocr_line' id='line_1_36' title="bbox 113 3191 1150 3280; baseline 0.005 -28"><span class='ocrx_word' id='word_1_271' title='bbox 113 3211 183 3253; x_wconf 89' lang='lat' dir='ltr'>rem.</span> <span class='ocrx_word' id='word_1_272' title='bbox 204 3191 249 3253; x_wconf 80' lang='lat' dir='ltr'>ne</span> <span class='ocrx_word' id='word_1_273' title='bbox 261 3194 351 3272; x_wconf 89' lang='lat' dir='ltr'>primo</span> <span class='ocrx_word' id='word_1_274' title='bbox 364 3204 482 3255; x_wconf 88' lang='lat' dir='ltr'>eatenus</span> <span class='ocrx_word' id='word_1_275' title='bbox 495 3198 715 3276; x_wconf 82' lang='lat' dir='ltr'>interveniebat,</span> <span class='ocrx_word' id='word_1_276' title='bbox 729 3218 765 3259; x_wconf 90' lang='lat' dir='ltr'>ne</span> <span class='ocrx_word' id='word_1_277' title='bbox 780 3199 847 3280; x_wconf 91' lang='lat' dir='ltr'>qnid</span> <span class='ocrx_word' id='word_1_278' title='bbox 859 3217 1014 3279; x_wconf 88' lang='lat' dir='ltr'>perperam</span> <span class='ocrx_word' id='word_1_279' title='bbox 1021 3202 1116 3263; x_wconf 79' lang='lat' dir='ltr'>fleret.</span> <span class='ocrx_word' id='word_1_280' title='bbox 1125 3212 1150 3257; x_wconf 86' lang='grc' dir='ltr'>ιι</span> 
     </span>
     <span class='ocr_line' id='line_1_37' title="bbox 123 3275 1116 3365; baseline 0.008 -27"><span class='ocrx_word' id='word_1_281' title='bbox 123 3275 213 3357; x_wconf 58' lang='lat' dir='ltr'>*aque</span> <span class='ocrx_word' id='word_1_282' title='bbox 236 3285 265 3338; x_wconf 88' lang='lat' dir='ltr'>et</span> <span class='ocrx_word' id='word_1_283' title='bbox 285 3280 505 3345; x_wconf 71' lang='lat' dir='ltr'>,constitutiones</span> <span class='ocrx_word' id='word_1_284' title='bbox 526 3291 642 3343; x_wconf 87' lang='lat' dir='ltr'>senatus</span> <span class='ocrx_word' id='word_1_285' title='bbox 664 3283 800 3361; x_wconf 89' lang='lat' dir='ltr'>quasdam</span> <span class='ocrx_word' id='word_1_286' title='bbox 821 3283 961 3363; x_wconf 88' lang='lat' dir='ltr'>resoidit,</span> <span class='ocrx_word' id='word_1_287' title='bbox 979 3292 1011 3345; x_wconf 87' lang='lat' dir='ltr'>et</span> <span class='ocrx_word' id='word_1_288' title='bbox 1024 3287 1116 3365; x_wconf 72' lang='lat' dir='ltr'>nagi-</span> 
     </span>
    </p>
   </div>
   <div class='ocr_carea' id='block_1_4' title="bbox 69 3359 1116 3534">
    <p class='ocr_par' dir='ltr' id='par_1_8' title="bbox 69 3359 1116 3534">
     <span class='ocr_line' id='line_1_38' title="bbox 119 3359 1116 3448; baseline 0.014 -30"><span class='ocrx_word' id='word_1_289' title='bbox 119 3359 247 3420; x_wconf 63' lang='lat' dir='ltr'>stratibus</span> <span class='ocrx_word' id='word_1_290' title='bbox 270 3380 324 3442; x_wconf 94' lang='lat' dir='ltr'>pro</span> <span class='ocrx_word' id='word_1_291' title='bbox 344 3362 478 3425; x_wconf 88' lang='lat' dir='ltr'>tribunali</span> <span class='ocrx_word' id='word_1_292' title='bbox 497 3367 745 3428; x_wconf 65' lang='lat' dir='ltr'>coenoso-artibus</span> <span class='ocrx_word' id='word_1_293' title='bbox 767 3366 937 3448; x_wconf 85' lang='lat' dir='ltr'>plerumque</span> <span class='ocrx_word' id='word_1_294' title='bbox 959 3386 992 3429; x_wconf 88' lang='lat' dir='ltr'>se</span> <span class='ocrx_word' id='word_1_295' title='bbox 1008 3368 1116 3431; x_wconf 77' lang='lat' dir='ltr'>odere·</span> 
     </span>
     <span class='ocr_line' id='line_1_39' title="bbox 69 3447 1116 3534; baseline 0.017 -47"><span class='ocrx_word' id='word_1_296' title='bbox 69 3512 72 3525; x_wconf 77' lang='lat'>.</span> <span class='ocrx_word' id='word_1_297' title='bbox 123 3447 579 3508; x_wconf 50' lang='lat' dir='ltr'>rarrapnidim-inmaeuidrka,...„</span> <span class='ocrx_word' id='word_1_298' title='bbox 613 3453 698 3496; x_wconf 76' lang='lat' dir='ltr'>...rim</span> <span class='ocrx_word' id='word_1_299' title='bbox 743 3451 1016 3514; x_wconf 67' lang='lat' dir='ltr'>alaxadversumin</span> <span class='ocrx_word' id='word_1_300' title='bbox 1029 3463 1116 3534; x_wconf 62' lang='lat' dir='ltr'>parte</span> 
     </span>
    </p>
   </div>
   <div class='ocr_carea' id='block_1_5' title="bbox 0 0 1172 3870">
    <p class='ocr_par' dir='ltr' id='par_1_9' title="bbox 0 0 1172 3870">
     <span class='ocr_line' id='line_1_40' title="bbox 0 0 1172 3870; baseline 0 4"><span class='ocrx_word' id='word_1_301' title='bbox 0 0 1172 3870; x_wconf 95' lang='lat' dir='ltr'> </span> 
     </span>
    </p>
   </div>
  </div>
 </body>
</html>
