2286 3862
97 193 159 257 238
177 205 207 253 c.
221 203 371 252 suauour
383 199 511 259 annuo.
526 198 573 245 nu
585 196 669 243 mss
682 192 865 243 erasmum
875 196 951 243 uus.
963 198 1041 247 vm.

98 360 312 443 praefecturam
329 373 444 436 quoque
461 352 588 433 praetori
603 352 734 430 suscepit
747 366 901 429 numquam
918 351 960 412 ad
980 353 1012 414 id
1027 364 1095 417 tete-

98 464 152 526 pus
170 446 223 502 uisi
237 441 273 502 ab
290 460 336 520 eq.
354 441 390 500 R.
408 439 640 512 administratam,
656 436 774 514 egitque
786 434 937 513 aliquanto
949 438 1094 501 incivilius

98 538 127 589 et
143 527 305 587 uiolentius.
345 522 491 601 Siquidem
507 522 754 600 suspectissimum
769 534 917 597 quemque
931 520 1004 599 sibl,
1019 542 1093 583 sum·

97 612 192 674 missis
208 612 256 690 qui
272 627 326 688 per
342 607 454 667 theatra
471 614 500 665 et
522 614 616 665 castra
638 605 720 683 quasi
743 620 892 663 consensu
910 602 946 663 sd
964 622 1090 685 poenum

98 698 305 775 deposcerent,
319 689 394 751 haud
409 698 577 750 cunctanter
593 689 750 769 oppressit.
786 686 820 746 lu
833 686 882 747 his
896 686 997 749 Aulam
1011 688 1085 751 (lae-
1098 716 1112 744 a

99 783 191 841 cinam
207 775 404 852 consularem,
428 782 561 834 vocatum
575 772 611 834 ad
628 788 747 833 caenam
769 789 805 831 ac
825 771 948 833 vixdum
966 772 1081 833 trlelimo

98 879 259 941 egressum,
274 859 391 919 confodi
402 860 497 927 iussit;
511 875 580 918 sane
593 866 735 935 urguente
747 855 926 933 discrimine,
940 858 1089 923 emeliam

99 946 324 1025 chirographum
342 945 403 1004 eius
417 951 608 1023 praeparatae
623 939 698 1020 apud
712 940 818 1000 milites
831 942 983 1002 contionis
993 940 1091 1021 depre-

97 1030 254 1091 hendisset.
286 1028 396 1104 Quibus
416 1027 504 1086 rebus
528 1027 602 1085 sicut
622 1028 651 1084 in
675 1033 823 1105 posterum
848 1026 1004 1087 securitati
1027 1024 1093 1085 estis

99 1117 190 1190 cavit,
213 1118 252 1172 ita
274 1113 469 1190 adpraesens
491 1110 642 1187 plurimum
662 1109 805 1169 contraxit
818 1108 967 1188 inuidiae,
992 1117 1024 1169 ut
1039 1121 1119 1170 nono

97 1208 208 1258 temere
227 1198 291 1273 quis
305 1204 362 1254 tam
384 1194 508 1253 adverso
530 1210 647 1253 rumore
667 1194 816 1271 magisque
839 1193 943 1253 invitis
964 1193 1092 1255 omnihus

98 1280 245 1341 transierit
260 1279 295 1338 ad
311 1280 510 1357 principatum.

68 1380 82 1440 q
162 1363 282 1423 Praeter
297 1364 446 1422 saeuitiam
461 1371 598 1440 suspecta
613 1362 642 1421 in
653 1379 690 1422 eo
702 1363 787 1422 etiam
798 1360 913 1422 luxuria
927 1372 1006 1441 erat,
1021 1361 1091 1442 quod

98 1449 134 1509 ad
149 1446 270 1508 mediam
286 1455 401 1507 noctem
423 1448 644 1507 comissationes
660 1465 723 1506 cum
744 1445 952 1527 profusissimo
978 1464 1091 1528 quoque

97 1532 276 1593 familiarium
292 1531 475 1601 extenderet;
500 1549 556 1591 nec
578 1533 668 1590 minus
691 1529 795 1608 libido,
816 1539 942 1611 propter
964 1532 1112 1593 exoletos

98 1636 159 1676 rum
175 1625 204 1675 et
218 1616 378 1695 spadonum
393 1634 502 1693 greges
518 1624 697 1695 propterque
711 1616 854 1694 insignem
869 1617 998 1693 reginae
1008 1616 1090 1677 llere·

97 1702 179 1760 uices
195 1718 332 1778 amorem,
349 1702 393 1759 cui
411 1703 496 1759 etiam
511 1702 625 1778 nuptias
640 1699 788 1779 pollicitus
805 1698 976 1772 serebatun
992 1718 1090 1782 suspe
1136 1696 1139 1703 '

99 1794 144 1844 cta
159 1787 317 1863 rapacitas,
336 1783 411 1863 quod
429 1782 580 1844 constabat
603 1786 632 1843 in
655 1784 871 1863 cognitionibus
886 1787 983 1864 patris
996 1784 1090 1847 nundi·

97 1871 159 1928 nari
174 1870 385 1946 praemiarique
398 1867 529 1937 solitum;
546 1866 670 1946 denique
683 1869 832 1947 propalam
845 1868 934 1929 alium
944 1869 1091 1932 Neronem
1133 1890 1136 1897 ·

98 1961 127 2010 et
143 1950 331 2029 opinabantur
347 1961 376 2011 et
398 1951 612 2032 praedicabant.
654 1952 693 2013 hs
715 1952 758 2012 illi
780 1971 814 2014 eu
837 1952 913 2014 fama
938 1970 995 2034 pro
1016 1954 1115 2015 bonos

99 2035 187 2094 cessit
203 2052 402 2114 conversaque
419 2038 508 2095 estin
524 2038 661 2096 maximas
677 2036 792 2115 laudes,
815 2053 912 2115 neque
936 2040 1012 2099 vitio
1036 2036 1092 2099 ullo

97 2126 216 2197 reperto
233 2128 261 2178 et
276 2128 377 2179 contra
390 2120 541 2180 virtutibus
555 2123 678 2179 summis.

159 2200 300 2262 Convivia
320 2204 438 2263 instituit
454 2204 577 2264 iucunda
597 2207 690 2282 magis
706 2222 790 2283 quam
805 2205 938 2282 profusa.
971 2206 1092 2277 Amicos

99 2286 197 2364 elegit,
219 2286 320 2366 quibus
340 2289 424 2346 etiam
440 2297 507 2366 post
523 2306 586 2348 eum
602 2289 749 2367 principes
766 2296 796 2347 ut
817 2296 846 2347 et
868 2286 924 2348 sibi
945 2298 977 2349 et
996 2292 1044 2351 rei
1063 2310 1091 2371 p.

97 2374 273 2430 necessariis
288 2370 498 2450 adquieverunt
512 2373 731 2451 praecipueque
748 2375 813 2431 sunt
834 2374 888 2431 usi.
927 2372 1116 2435 Berenicoua

97 2457 191 2514 statim
206 2456 241 2515 ab
259 2455 330 2515 urbe
346 2453 461 2533 dimisit,
479 2457 581 2515 invitus
597 2456 722 2515 invitam.
762 2455 908 2532 Quosdam
924 2474 942 2516 e
958 2461 1091 2536 gratissi·

98 2540 150 2596 mis
166 2538 365 2615 delicatorum,
382 2557 550 2618 quamquam
566 2549 622 2599 tam
636 2540 763 2600 artilices
778 2539 957 2618 saltationis,
977 2552 1011 2603 ut
1026 2560 1093 2603 mox

99 2639 232 2681 scaenam
246 2625 400 2698 tenuerint,
416 2641 472 2683 non
488 2623 574 2683 modo
590 2624 693 2683 lovere
710 2624 866 2703 prolixius,
885 2623 939 2684 sed
954 2636 1092 2704 spectare

98 2706 212 2764 omniuo
227 2707 255 2765 in
275 2705 392 2785 publico
409 2716 495 2767 coetu
509 2706 681 2786 supersedit.
715 2707 792 2767 Nulli
811 2710 914 2768 civium
935 2711 1092 2790 quiequam

98 2787 215 2857 ademit;
235 2789 369 2849 abstinuit
384 2789 489 2867 alieno,
504 2800 534 2851 ut
548 2793 571 2850 si
587 2793 650 2869 quis
665 2810 812 2870 umquam;
830 2809 866 2851 ac
880 2810 916 2851 ne
930 2810 1117 2855 concessasst

98 2872 211 2951 quidem
239 2892 273 2933 ac
295 2875 395 2933 solitas
419 2873 597 2935 conlationes
620 2877 743 2953 recepit.
784 2874 822 2934 Et
852 2884 949 2935 tamen
974 2880 1091 2939 nemius

97 2966 162 3017 ante
178 2974 210 3015 se
225 2959 417 3020 munificentia
437 2960 545 3035 minor,
569 2959 779 3037 amphitheatro
802 2958 936 3019 dedicato
958 2960 1090 3023 thermis·

97 3059 152 3118 que
172 3040 250 3099 iuxta
271 3040 407 3103 celeriter
427 3044 581 3120 extructis,
605 3061 705 3102 munus
727 3042 815 3103 edidit
836 3046 1092 3122 apparatissimum

95 3123 360 3202 largissimumque;
383 3125 461 3185 dedit
476 3135 504 3185 et
522 3126 624 3187 navale
648 3127 789 3204 proelium
808 3128 837 3186 in
859 3129 954 3187 reteri
975 3148 1091 3191 nauma-

98 3206 170 3286 chia,
193 3207 299 3267 ibidem
322 3217 351 3267 et
377 3208 556 3286 gladiatores
582 3220 669 3289 atque
696 3227 752 3270 uno
778 3209 824 3270 die
857 3212 984 3290 quinque
1012 3215 1120 3276 miliass

97 3306 182 3351 omne
200 3310 293 3368 genus
308 3293 442 3352 ferarum.

63 3380 83 3433 8
155 3375 262 3437 Natura
278 3385 371 3436 autem
386 3375 683 3455 benivolentissime,
704 3397 767 3438 cum
790 3397 827 3438 ex
844 3379 975 3441 instituto
990 3381 1092 3443 Tiberi

97 3473 196 3525 omnes
224 3459 327 3520 dehine
349 3458 490 3520 Caesares
511 3461 653 3522 benelicia
680 3480 696 3522 a
719 3462 919 3542 superioribus
944 3483 1094 3529 concessa
