2334 3870
532 181 636 231 nuno.
1017 169 1076 235 173

78 342 189 418 floruit,
216 350 245 402 ut
272 350 418 403 emanaret
440 343 468 402 in
493 341 610 420 vulgus,
639 344 744 403 missos
771 344 958 405 allessalina
984 363 1076 407 uxore

80 425 204 502 Claudii,
226 429 274 505 qui
302 445 365 486 eum
391 426 601 505 meridiantem,
630 429 712 507 quasi
739 426 896 489 Britannici
926 431 1074 507 aemulum,

80 509 300 587 strangularent.
327 510 460 570 Additum
475 511 599 588 fabulae,
612 521 641 572 at
655 511 774 572 eosdem
790 513 917 573 dracone
929 513 1073 594 epulrino

79 613 111 655 se
127 594 297 672 proferente
315 597 488 656 conterritos
510 596 664 672 refugisse.
689 596 770 671 Quae
787 596 886 658 fabula
902 607 1003 658 exorta
1018 607 1074 675 est,

53 678 231 756 tdeprensis
251 680 280 737 in
298 677 376 738 lecto
395 680 456 738 eius
472 681 578 740 circum
603 681 758 741 cervicalia
779 682 925 761 serpentis
948 683 1073 750 exuviis;

78 779 150 842 quas
168 770 262 821 tamen
278 780 382 822 aureae
398 764 528 824 armillae
544 782 582 822 ex
592 763 738 824 voluntate
749 769 848 827 matris
864 765 991 825 inclusas
1007 764 1074 825 dex-

78 855 123 904 tro
140 844 258 904 brachio
279 848 403 923 gestavit
425 847 603 928 aliquandiu,
627 864 662 905 ac
683 848 777 908 taedio
797 850 910 909 tandem
928 857 1074 909 maternae

78 930 233 988 memoriae
248 929 366 1007 abiecit,
383 950 540 1011 rursusque
557 931 694 990 extremis
716 933 774 990 suis
798 934 884 992 rebus
900 933 1007 993 frustra
1029 950 1074 992 re-

79 1014 184 1091 quisiit.

40 1116 67 1156 ro
140 1097 235 1158 Tener
262 1099 354 1158 adhuc
379 1100 501 1160 necdum
522 1109 632 1161 matura
654 1101 775 1178 pueritia
804 1098 982 1159 circensibus
1002 1098 1102 1158 ludis?

76 1181 190 1242 'l'roiam
206 1185 436 1243 constantissime
452 1184 710 1262 favorabiliterque
725 1184 802 1244 lusit.
826 1184 985 1245 Undecimo
999 1192 1075 1243 aeta·

76 1267 112 1325 tis
137 1283 211 1324 anno
236 1284 252 1326 a
277 1265 397 1327 Claudio
420 1268 571 1346 adoptatus
594 1277 639 1328 est
660 1268 841 1347 Annaeoque
868 1269 1000 1329 Senecae
1021 1269 1076 1328 iam

77 1360 145 1408 tunc
157 1350 284 1407 senatori
295 1351 324 1405 in
333 1349 511 1425 disciplinam
519 1351 649 1410 traditus.
662 1351 780 1428 Ferunt,
794 1354 935 1412 Senecam
943 1354 1075 1431 proxima

78 1439 165 1490 nocte
181 1431 274 1488 visum
289 1430 342 1489 sibi
359 1448 412 1507 per
424 1432 549 1507 quietem
561 1431 593 1491 G.
611 1431 728 1492 Caesari
744 1438 931 1512 praecipere,
948 1445 977 1492 et
991 1435 1076 1493 iidem

43 1515 192 1576 insomnio
207 1513 286 1572 Nero
306 1513 388 1571 brevi
403 1513 488 1590 fecit,
512 1513 625 1592 prodita
647 1514 818 1575 immanitate
838 1525 955 1576 naturae
975 1516 1077 1592 quibus

81 1600 200 1677 primum
223 1598 315 1675 potuit
335 1598 550 1675 experimentis.
582 1597 712 1673 Namque
734 1596 925 1657 Britannicum
950 1596 1076 1676 fratrem,

80 1681 157 1761 quod
169 1699 201 1740 se
215 1680 474 1760 postadoptionem
486 1680 749 1742 Aenobarbum
765 1697 802 1740 ex
815 1680 1020 1740 consuetudine
1032 1701 1076 1743 sa·

55 1767 213 1843 vlutasset,
240 1775 271 1825 ut
295 1765 469 1825 subditivum
493 1766 568 1846 apud
598 1774 709 1845 patrem
730 1783 855 1842 arguere
881 1773 1001 1825 conatus
1022 1774 1076 1825 est.

78 1850 201 1910 Amitam
216 1858 308 1909 autem
322 1850 459 1928 Lepidam
473 1870 552 1912 ream
568 1852 731 1910 testimonio
756 1867 854 1910 coram
876 1848 992 1926 afllixit,
1012 1867 1076 1925 qra-

49 1935 195 1998 notificans
210 1937 306 2010 matri,
322 1953 338 1994 a
357 1953 411 2013 qua
427 1953 477 1994 rea
494 1934 686 2015 premebatur.

143 2017 290 2076 Deductus
307 2020 335 2076 in
349 2018 443 2077 iorum
457 2020 514 2078 tiro
536 2019 646 2097 populo
669 2018 863 2096 congiarium,
884 2019 965 2078 militi
986 2017 1075 2078 dona·

79 2105 167 2163 tivum
186 2102 353 2179 proposuit,
376 2089 540 2181 indictaque
561 2102 734 2161 decursione
752 2103 943 2180 praetorianis
965 2112 1076 2163 scutum

81 2205 131 2246 sua
147 2203 230 2245 manu
248 2184 396 2264 praetulit;
423 2187 489 2244 exin
510 2187 583 2263 patri
598 2187 707 2262 gratias
726 2187 753 2244 in
770 2196 872 2247 senatu
887 2187 959 2264 egit.
990 2186 1078 2265 Apud

81 2270 201 2330 eundem
218 2269 366 2330 consulem
384 2286 436 2347 pro
451 2268 681 2329 Bononiensibus
697 2269 811 2348 Latine,
836 2289 890 2349 pro
905 2267 1016 2331 Rhodis
1036 2279 1075 2330 at·

42 2372 139 2433 aeque
157 2353 310 2414 Iliensibus
334 2352 446 2415 Graece
467 2353 557 2413 verba
580 2353 659 2413 iecit.
692 2352 866 2433 Auspieatus
889 2362 934 2413 est
957 2361 986 2412 et
1007 2354 1077 2412 iuris

82 2438 235 2498 dictionem
251 2438 417 2517 praelectus
432 2437 495 2497 urbi
513 2454 597 2498 sacro
613 2437 788 2515 Latinarum,
812 2438 1010 2498 celeberrimis
1027 2455 1076 2516 pa·

81 2525 173 2582 tronis
187 2539 244 2582 non
263 2521 419 2582 tralaticias
434 2531 464 2582 ut
479 2521 589 2582 assolet
604 2530 633 2582 et
652 2522 765 2598 brevis,
790 2523 841 2582 sed
858 2522 994 2582 maximas
1013 2521 1075 2601 plu-

80 2607 225 2684 rimasque
242 2606 452 2684 postulationes
469 2607 598 2668 certatim
614 2606 828 2684 ingerentibus,
846 2608 975 2686 quamvis
989 2608 1075 2666 inter·

82 2690 186 2750 dictum
203 2709 219 2750 a
237 2689 357 2751 Claudio
377 2700 465 2751 esset.
494 2689 557 2750 Nec
572 2691 660 2751 multo
680 2699 747 2770 post
762 2690 841 2751 duxit
856 2708 976 2751 uxorem
992 2689 1076 2750 Octa·

45 2775 171 2851 soriam,
191 2774 335 2852 ediditque
355 2793 408 2853 pro
427 2774 528 2836 Claudi
546 2775 638 2836 salute
660 2778 808 2835 circenses
834 2784 862 2835 et
884 2776 1076 2835 venationem.

144 2858 355 2937 Septemdecim
376 2869 458 2920 natus
481 2877 586 2936 annos,
616 2868 646 2919 ut
666 2859 701 2919 de
719 2858 838 2920 Claudio
861 2858 956 2937 palam
972 2858 1110 2923 factumn

82 2952 142 3021 est,
158 2944 232 3001 inter
245 2943 346 3002 horam
362 2952 472 3004 sextam
489 2945 696 3023 septimamque
714 2945 860 3021 prooessit
876 2943 911 3004 ad
929 2942 1077 3002 excubito-

80 3047 145 3105 res,
162 3045 224 3086 cum
240 3026 277 3085 ob
295 3028 382 3086 totius
399 3027 455 3087 diei
469 3027 611 3087 diritatem
622 3044 681 3087 non
696 3027 772 3087 aliud
787 3026 953 3106 auspicandi
965 3035 1078 3102 tempus

81 3109 324 3173 accommodatius
342 3110 501 3181 videretur;
529 3129 641 3191 proque
659 3111 748 3172 Palati
770 3112 908 3190 gradibus
921 3113 1078 3188 imperator

45 3194 418 3273 asconsalutatus„lectica
436 3196 464 3255 in
481 3204 576 3256 castra
591 3194 697 3256 atinde
714 3197 817 3275 raptim
833 3194 989 3275 appellatis
1006 3192 1078 3253 mili-

80 3279 156 3342 tibus
173 3280 200 3339 in
217 3281 322 3340 curiam
340 3278 451 3339 delatas
469 3288 528 3355 est,
545 3278 738 3358 discessitque
755 3282 810 3341 iam
826 3279 958 3358 vesperi,
975 3296 1013 3337 ex
1027 3278 1077 3336 im·

80 3364 203 3440 mensis,
222 3362 325 3443 quibus
341 3363 549 3442 cumulabatur,
566 3363 724 3425 honoribus
738 3365 843 3426 tanturn
860 3365 949 3442 patris
965 3363 1074 3440 patriae

82 3449 196 3508 nomine
214 3457 349 3509 recusato
366 3457 487 3527 prepter
502 3456 625 3507 aetatem
