2286 3862
118 176 177 238 164
220 187 249 236 o.
265 186 415 236 suaronr
431 183 558 243 annuo.
574 183 621 229 nu
637 182 718 229 vrrs
735 181 917 230 caussaun
931 182 1004 232 uns.
1020 182 1059 233 v.

72 349 108 405 δι
180 344 319 405 Convivia
335 341 453 419 agitavit
472 348 501 399 et
516 338 609 418 ampla
625 346 654 397 et
669 336 797 415 assidua,
816 354 852 398 ac
865 337 929 398 iere
951 342 1119 418 patentissi-

115 431 168 489 mis
190 429 265 487 locis
284 436 314 487 ut
333 425 502 506 plerumque
522 424 637 483 sesceni
653 421 736 482 simul
752 420 976 483 discumberent.
1012 422 1118 486 Convi-

116 522 197 576 vatus
213 521 257 572 est
273 521 302 571 et
323 528 411 589 super
432 509 607 569 emissarium
628 505 728 566 Fucini
749 506 843 585 lacus,
867 525 902 569 ac
924 526 1023 587 paene
1046 527 1118 572 sum·

115 616 243 673 mersus,
272 613 336 656 cum
358 595 462 653 emissa
489 594 598 671 impetu
620 609 694 670 aqua
717 589 917 652 redundasset.
952 592 1117 656 Adhibebat

116 685 192 743 omni
210 698 319 741 caenae
336 686 365 738 et
381 677 492 737 liberos
507 694 576 736 suos
593 694 656 735 oum
668 677 766 755 pueris
782 675 950 754 puellisque
962 676 1135 754 nobilibus,s

116 768 163 846 qui
188 781 268 825 more
295 763 389 822 veteri
410 761 445 822 ad
466 761 559 822 iulcra
588 760 729 820 lectorum
753 759 890 820 sedentes
912 771 1106 823 vescerentur.

117 849 280 925 Conuiuae,
303 849 350 926 qui
371 845 464 925 pridie
481 845 622 924 scyphum
638 861 754 905 aureum
769 843 952 924 subripuisse
970 847 1111 907 existima·

114 933 214 1011 batur,
230 940 369 992 revocato
388 932 416 990 iu
432 931 507 991 diem
521 939 671 1008 posterum
692 928 812 990 calicem
834 929 954 989 lictilem
969 933 1114 1010 apposuit.

113 1019 226 1078 Dicitur
249 1018 332 1076 etiam
353 1015 504 1076 meditatus
528 1013 668 1091 edictum,
700 1031 756 1092 quo
779 1015 893 1073 veniam
911 1012 996 1075 daret
1023 1015 1116 1077 datum

116 1103 316 1182 crepitumque
332 1100 440 1158 ventris
461 1100 489 1157 in
508 1099 641 1157 convivio
659 1097 821 1173 emittendi,
841 1115 905 1158 cum
921 1098 1139 1177 periclitatumr

116 1185 256 1265 quendam
272 1199 342 1262 prae
359 1180 468 1260 pudore
490 1199 528 1240 ex
544 1182 719 1242 coutinentia
735 1183 927 1261 repperisset.

71 1277 107 1332 33
181 1265 244 1326 Gibi
258 1265 375 1343 vinique
393 1282 572 1344 quocumque
588 1274 616 1324 et
632 1274 764 1344 tempore
779 1274 809 1326 et
827 1265 895 1327 loco
910 1269 1114 1346 appetentissi-

113 1369 192 1428 mus,
217 1366 402 1427 cognoscens
418 1348 560 1427 quondam
575 1350 603 1409 in
618 1349 743 1427 Augusti
758 1351 841 1429 foro,
862 1352 998 1430 ictusque
1015 1351 1115 1413 nidore

113 1434 239 1516 prandii,
270 1433 347 1513 qnod
374 1435 401 1493 in
426 1436 558 1512 proxima
578 1433 677 1494 Martis
703 1434 776 1494 aede
799 1434 885 1495 Saliis
910 1434 1115 1514 apparabatur,

114 1521 230 1580 deserto
252 1517 385 1577 tribunali
412 1518 543 1578 ascendit
571 1518 606 1578 ad
632 1517 802 1579 sacerdotes
831 1536 947 1598 unaque
969 1517 1114 1580 decubuit.
1123 1531 1141 1571 ιι

114 1604 178 1663 Nec
192 1612 301 1662 temere
316 1620 449 1680 umquam
465 1602 591 1663 triclinio
611 1602 753 1662 abscessit
770 1604 824 1662 nisi
845 1601 987 1663 distentus
1010 1621 1047 1664 ac
1061 1621 1114 1664 ma·

115 1688 202 1763 dens,
220 1697 249 1747 et
265 1695 294 1746 ut
310 1687 403 1745 statim
424 1688 527 1766 supino
551 1705 585 1746 ao
609 1705 663 1765 per
680 1703 808 1747 somnum
830 1686 917 1748 hianti
934 1688 1025 1765 pinna
1040 1689 1069 1748 iu
1083 1705 1113 1747 os

114 1771 262 1833 inderetur
276 1769 311 1830 ad
327 1770 540 1830 exonerandum
555 1771 741 1830 stomachum.
758 1771 856 1831 Somni
872 1770 1041 1831 brevissimi
1056 1779 1113 1832 erat

115 1859 194 1936 (narn
216 1864 281 1915 ante
302 1853 423 1913 mediam
443 1863 559 1915 noctem
582 1855 750 1934 plerumque
772 1853 948 1933 evigilabat)
969 1864 1002 1916 ut
1022 1865 1112 1917 tamen

114 1939 237 1999 interdiu
254 1955 464 2016 nonnumquam
479 1939 507 1997 in
523 1939 584 1997 iure
600 1939 722 1999 dicendo
740 1939 987 2017 obdormisceret,
1008 1942 1138 2021 vixquero

114 2021 149 2082 ab
166 2021 313 2082 advocatis
329 2021 365 2080 de
382 2021 521 2082 industria
540 2040 642 2083 vocem
664 2022 834 2100 augentibus
852 2023 1043 2084 excitaretur.
1073 2023 1112 2084 bi·

112 2105 216 2165 bidiuis
246 2107 274 2165 in
300 2106 419 2165 feminas
452 2107 684 2186 profusissime,
717 2125 825 2167 marum
851 2107 967 2168 omniuo
997 2125 1112 2188 expers.

112 2190 215 2251 Aleam
235 2190 445 2251 studiosissime
460 2190 543 2261 lusit;
560 2191 596 2251 de
616 2194 696 2251 ouius
715 2200 776 2252 arte
794 2191 896 2252 librum
913 2207 1035 2271 quoque
1049 2193 1112 2252 emi·

113 2277 162 2346 sit;
186 2273 288 2336 solitus
311 2277 395 2336 etiam
416 2276 444 2334 iu
462 2276 624 2353 gestatione
645 2275 762 2352 ludere,
782 2277 820 2336 ita
841 2273 947 2336 essedo
968 2275 1113 2357 alveoque

113 2359 252 2439 adaptatis
269 2379 305 2420 ne
321 2360 400 2420 lusus
420 2360 653 2420 confunderetur.
1119 2381 1138 2421 a

70 2452 105 2507 34
174 2446 298 2503 Saevum
314 2453 343 2503 et
364 2444 576 2520 sanguinarium
596 2451 696 2505 natura
716 2443 822 2520 luisse,
845 2444 957 2521 magnis
977 2444 1112 2505 minimis·

113 2545 169 2605 que
186 2528 318 2605 apparuit
334 2527 432 2587 rebus.
462 2527 617 2588 Tormenta
643 2529 842 2606 quaestionum
857 2544 1034 2608 poenasque
1050 2547 1112 2609 par·

112 2609 265 2668 ricidarum
280 2611 521 2687 repraesentabat
537 2610 731 2691 exigebatque
748 2629 855 2673 coram.
886 2609 958 2672 Cum
976 2621 1113 2692 spectare

112 2693 219 2770 antiqui
238 2693 326 2753 moris
348 2692 519 2772 supplicium
535 2694 633 2754 Tiburi
655 2696 857 2775 concupisset,
880 2705 910 2756 et
925 2694 1066 2774 deligatis
1080 2695 1113 2758 ad

112 2774 206 2852 palum
232 2776 327 2835 noxiis
351 2778 480 2837 carnifex
503 2777 635 2854 deesset,
663 2781 785 2840 accitum
809 2779 844 2841 ab
866 2779 939 2840 urbe
956 2792 1140 2861 vesperante

112 2875 203 2936 usque
220 2861 349 2939 opperiri
366 2862 577 2939 perseverarit.
594 2861 782 2942 Quocumque
794 2864 967 2942 gladiatorio
981 2882 1112 2941 munere,

112 2941 160 3001 vel
177 2960 229 3002 suo
246 2943 294 3003 vel
316 2944 428 3024 alieno,
451 2947 536 3006 etiam
559 2946 635 3005 sorte
657 2948 815 3026 prolapsos
837 2946 961 3026 iugulari
982 2948 1112 3025 iubebat,

111 3029 233 3087 maxime
253 3030 401 3106 retiarios,
429 3039 459 3090 ut
480 3031 669 3109 expirantium
693 3032 785 3092 facies
806 3033 928 3092 videret.
964 3030 1040 3094 Cum
1061 3050 1113 3113 par

113 3111 255 3191 quoddam
270 3115 372 3172 mutuis
394 3114 499 3174 ictibus
524 3115 717 3192 concidisset,
742 3115 875 3176 cultellos
898 3116 953 3176 sibi
971 3116 1112 3196 paruulos

113 3213 151 3256 ex
176 3204 299 3275 utroque
320 3197 399 3258 lerro
422 3198 450 3258 in
474 3217 555 3258 usum
575 3200 637 3259 lieri
659 3201 720 3259 sine
740 3217 820 3260 mora
842 3201 933 3261 iussit.
969 3198 1141 3262 Bestiaristt

112 3280 334 3360 meridianisque
351 3281 424 3342 adeo
441 3282 652 3359 delectabatur,
669 3292 699 3343 ut
716 3293 744 3343 et
757 3287 846 3363 prima
862 3284 927 3345 luce
943 3287 979 3346 ad
996 3293 1111 3366 specta·

114 3363 207 3424 culum
222 3365 414 3426 descenderet
436 3375 465 3426 et
485 3366 619 3445 meridie,
642 3367 757 3428 dimisso
772 3368 807 3429 ad
823 3368 972 3447 prandium
987 3368 1110 3449 populo,

113 3449 300 3529 persederet,
332 3460 506 3530 praeterque
528 3450 686 3512 destinatos
708 3454 793 3513 etiam
814 3452 873 3513 levi
899 3452 1055 3534 subitaque
1075 3452 1111 3514 de
