2286 3862
92 195 133 256 62
175 204 205 251 o.
225 199 376 250 sounouu
391 195 519 255 nosne.
534 195 582 241 nu
597 193 681 241 uuus
696 191 881 240 osusnnuu
895 192 971 241 nus.
987 190 1032 242 ιι.

93 362 162 423 satis
179 357 292 433 babuit,
316 372 380 415 curn
402 352 452 411 ille
468 350 622 429 Agrippae
644 347 758 408 iuuenis
777 346 894 408 nomine
909 347 1106 427 asperrimam

93 447 128 507 de
145 463 177 504 se
192 439 346 521 epistolam
360 439 389 496 in
404 435 509 514 vulgus
524 432 678 510 edidisset,
701 431 749 492 bic
773 430 908 492 convivio
926 430 1027 511 pleno
1045 452 1106 513 pro

93 530 262 601 clamasset,
285 539 380 600 neque
402 529 499 580 votum
523 518 578 577 sibi
604 534 699 594 neque
721 517 843 576 animum
866 514 980 576 deesse
1007 518 1105 579 eonio·

93 611 189 673 diendi
203 627 277 671 eum.
313 603 442 682 Quadam
458 619 529 664 vero
546 601 731 678 cognitione,
748 617 811 660 cum
826 598 961 661 Aemilio
978 599 1103 663 Aeliano

94 693 275 758 Cordubensi
291 691 365 750 inter
383 696 480 749 cetera
500 687 617 747 crimina
632 684 681 745 vel
696 684 819 744 maxime
836 682 1019 746 obiceretur
1037 686 1111 767 qrods

93 780 167 841 male
183 776 295 856 opinari
318 773 354 833 de
369 771 498 833 Caesare
513 771 640 848 soleret,
664 786 824 829 conuersus
844 767 880 828 ad
895 778 1103 832 accusatorem

95 869 296 938 commotoque
308 857 407 918 similis
426 855 536 933 Velim,
551 855 658 934 inquit,
672 853 732 915 boc
741 851 816 913 milti
824 850 971 931 probem
985 852 1106 933 [adon

94 948 176 1009 octat
190 942 340 1005 Aelianas
362 948 391 1004 et
409 959 457 1003 me
475 942 612 1020 linpoum
632 936 764 1013 babere,
786 935 886 1016 ptura
906 938 996 999 enim
1013 939 1058 1000 rie
1078 957 1107 1002 eo

94 1033 228 1111 loquum·
251 1045 305 1088 nec
327 1029 479 1106 quiequam
503 1024 577 1084 ultra
599 1032 645 1083 aut
662 1022 755 1083 statim
776 1030 824 1081 aut
841 1029 950 1100 postea
965 1023 1107 1103 inquisit

95 1114 213 1176 Tiberio
235 1128 351 1190 quoque
373 1110 409 1169 de
429 1108 530 1169 eadem
549 1126 596 1184 re,
618 1106 671 1167 sed
693 1106 864 1182 violentius,
893 1106 977 1185 apud
1003 1126 1041 1169 se
1061 1126 1128 1189 pero

95 1197 248 1278 epistolam
266 1193 454 1272 conquerenti
469 1193 507 1252 ita
524 1191 692 1270 rescripsit:
710 1189 816 1251 Aetoii
828 1198 910 1268 ioue,
928 1191 974 1252 mi
990 1190 1107 1270 Tiberi,

94 1281 159 1342 noli
180 1280 213 1339 io
232 1278 349 1338 boore
368 1276 526 1357 induiqere
544 1275 716 1337 cinimiaco
737 1273 897 1355 indipouri
919 1293 1108 1359 quemquern

95 1382 178 1440 esse,
195 1363 249 1442 qui
263 1361 302 1422 de
318 1379 365 1421 me
379 1361 461 1422 mole
474 1361 619 1440 loquatur
625 1386 640 1432 ;
661 1360 742 1421 cotia
757 1366 804 1420 est
817 1359 912 1437 coint,
930 1360 964 1421 si
973 1360 1042 1424 icoc
1054 1361 1106 1424 bo·

96 1448 202 1511 bonus
215 1465 255 1508 ne
270 1445 339 1526 puis
353 1444 445 1507 nobis
458 1446 540 1507 maie
551 1444 662 1524 fucere
671 1444 783 1524 possit.

53 1541 88 1598 ti
159 1532 296 1611 Templa,
314 1532 443 1610 quamvis
459 1532 548 1592 sciret
563 1531 648 1591 etiam
663 1527 888 1609 proconsulibus
910 1528 1043 1591 decerni
1064 1548 1131 1592 son

95 1620 173 1694 lere,
194 1619 223 1675 in
243 1615 322 1677 nulla
336 1624 431 1676 tamen
448 1616 597 1694 provincia
619 1615 673 1673 nisi
695 1615 836 1674 communi
859 1630 912 1674 suo
928 1614 1107 1696 Romaeque

96 1702 211 1764 nornine
226 1701 341 1778 recepit
357 1699 482 1780 (namin
499 1697 570 1757 urbe
586 1697 700 1776 quidem
718 1698 951 1778 pertinacissime
966 1696 1108 1760 abstinuit

95 1787 152 1846 hoo
171 1782 300 1860 bonore)
322 1791 408 1861 atque
422 1783 509 1841 etiam
526 1790 682 1858 argenteas
699 1791 808 1842 statuas
830 1781 898 1842 olim
915 1781 975 1842 sibi
990 1784 1107 1863 positas

97 1868 231 1930 oonllavit
252 1866 344 1925 omnis
365 1883 460 1944 exque
481 1866 518 1924 iis
538 1883 641 1925 aureas
667 1867 793 1926 cortinas
812 1864 944 1946 Apollini
971 1864 1106 1928 Palatino

97 1951 250 2013 dedicavit.
1110 1970 1130 2010 a

155 2033 332 2095 Dictaturam
353 2051 456 2111 magna
478 2034 507 2093 vi
529 2033 671 2093 offerente
693 2032 821 2114 populo,
846 2050 925 2112 genn
946 2034 1040 2096 nixus
1059 2035 1105 2097 de

53 2121 170 2185 coiecta
192 2117 227 2177 ab
248 2117 352 2177 umeris
374 2126 443 2195 toga
464 2117 540 2177 nudo
563 2126 684 2198 pectore
701 2117 876 2197 deprecatus
896 2126 951 2177 est.
984 2117 1106 2181 Domini

95 2201 323 2284 appellationem
344 2211 374 2262 ut
393 2202 575 2263 maledictum
594 2211 623 2262 et
644 2201 833 2282 obprobrium
853 2219 973 2281 semper
992 2203 1104 2265 exbor·

95 2289 161 2349 ruit.
196 2285 284 2365 Cum,
301 2295 453 2365 spectante
469 2304 505 2347 eo
520 2285 621 2364 ludos,
637 2287 848 2366 pronuntiatum
861 2294 942 2347 esset
952 2288 982 2347 in
995 2290 1104 2349 mimo:

96 2370 296 2433 Odomirtum
317 2389 446 2451 aequom
469 2378 498 2432 et
518 2369 648 2432 bortum!
670 2379 699 2430 et
722 2373 849 2432 universi
872 2371 955 2450 quasi
974 2370 1014 2432 de
1036 2372 1132 2453 ipson

95 2458 200 2517 dictum
223 2455 386 2515 exultantes
411 2455 666 2534 comprobassent,
690 2464 719 2515 et
739 2456 832 2516 statim
852 2473 936 2516 mauu
957 2454 1104 2539 vultuque

94 2539 247 2600 indecoras
263 2537 442 2600 adulationes
463 2541 605 2619 repressit
629 2548 657 2599 et
672 2540 834 2618 insequenti
852 2539 898 2600 die
919 2540 1103 2617 gravissimo

96 2622 237 2701 corripuit
255 2622 366 2693 edicto;
384 2622 584 2704 dominumque
599 2641 633 2684 se
645 2623 769 2702 posthae
780 2623 924 2702 appellari
938 2642 978 2685 ne
994 2642 1012 2685 a
1029 2624 1103 2687 libe·

94 2707 135 2766 ris
149 2704 264 2783 quidem
286 2714 333 2766 aut
352 2709 508 2787 nepotibus
525 2709 584 2768 suis
599 2707 647 2767 vel
667 2708 746 2768 serio
761 2707 809 2768 uel
831 2708 900 2768 ioco
915 2725 1026 2788 passus
1045 2718 1103 2786 est,

95 2799 181 2868 atque
202 2790 360 2851 eiusmodi
382 2791 534 2853 blanditias
549 2793 634 2854 etiam
649 2792 723 2852 inter
738 2793 821 2874 ipsos
840 2790 1000 2872 probibuit.
1034 2793 1133 2861 Noun

93 2881 203 2934 temere
217 2873 287 2935 urbe
303 2876 451 2956 oppidove
473 2877 533 2937 ullo
549 2882 688 2955 egressus
709 2887 756 2937 aut
778 2894 921 2956 quoquam
942 2877 1103 2956 ingressus

94 2967 139 3018 est
153 2958 207 3017 nisi
223 2977 351 3039 uespera
369 2971 416 3021 aut
428 2971 532 3039 nocto,
548 2980 584 3022 ne
602 2979 687 3041 quem
703 2961 794 3022 oflicii
810 2979 897 3024 causa
908 2962 1102 3041 inquietaret.

92 3041 125 3102 ln
144 3044 292 3104 consulatu
310 3044 432 3123 pedibus
451 3046 533 3124 iere,
556 3054 638 3106 extra
655 3046 832 3106 consulatum
848 3064 940 3126 saepe
955 3045 1102 3127 adaperta

93 3126 166 3187 sella
181 3145 234 3207 per
249 3128 394 3208 publicum
410 3131 538 3191 incessit.
568 3128 744 3192 Promiscuis
760 3130 982 3192 salutationibus
998 3130 1102 3193 admit·

91 3209 172 3270 tebat
193 3219 221 3271 et
244 3211 376 3292 plebem,
405 3223 481 3275 tanta
510 3215 643 3275 comitate
667 3215 829 3277 adeuntium
851 3213 997 3277 desideria
1017 3215 1134 3278 cxci-as

92 3296 191 3372 piens,
214 3304 242 3354 ut
257 3297 399 3374 quendam
416 3299 482 3359 ioco
499 3299 688 3378 corripuerit,
711 3299 789 3378 quod
809 3300 856 3363 sic
875 3298 938 3361 sior·
959 3298 1102 3363 libellum

87 3377 254 3455 porriperc
269 3379 441 3458 dubitaret,
463 3382 557 3461 quusi
569 3382 730 3463 eiepltoroio
748 3384 866 3464 stipem.
907 3383 962 3444 Die
977 3393 1102 3447 senatus

89 3475 243 3539 numquam
265 3474 363 3542 patres
385 3466 440 3526 nisi
461 3467 488 3526 in
510 3468 589 3527 curia
611 3468 746 3529 salutavit
769 3477 799 3529 et
822 3468 937 3549 quidem
952 3468 1100 3547 sedentis,
