2286 3862
74 210 137 275 246
162 220 191 269 c.
209 217 359 268 suenoni
376 214 503 275 nausa.
516 214 564 262 nn
582 214 664 261 vrrs
682 212 867 263 cassanum
883 214 958 263 nas.
972 218 1054 271 vm,

74 395 155 437 more
173 376 275 434 veteri.
313 372 386 433 Nam
405 390 468 431 cum
484 369 611 431 Oculatis
629 368 791 447 sororibus,
806 369 878 430 item
891 369 1081 438 Varronillae

73 460 195 521 liberum
215 460 314 518 mortis
335 458 513 537 permisisset
534 454 678 514 arbitrium
702 463 956 537 corruptoresque
982 476 1079 522 earum

73 545 253 621 relegasset,
278 560 346 601 mox
369 539 534 602 Corneliam
559 541 709 599 maximam
731 540 892 618 virginem,
915 538 1076 605 absolutam

75 628 154 705 olim,
174 628 240 688 dein
255 627 344 703 longo
361 622 514 683 intervallo
528 624 679 702 repetitam
696 631 782 701 atque
796 626 961 685 convictam
970 624 1072 687 defodi

73 714 236 791 imperavit,
256 718 495 787 stupratoresque
511 710 602 784 virgis
620 709 648 767 in
664 709 781 767 comitio
800 706 837 767 ad
852 726 960 769 neceni
977 710 1087 787 caedi,5

75 805 202 873 excepto
217 795 366 871 praetorio
383 795 461 861 viro;
480 794 535 868 cui,
554 790 638 850 dubia
656 794 813 851 etiamtum
830 810 923 867 causa
939 802 971 854 et
983 795 1067 855 incer·

73 883 112 938 tis
127 876 345 956 quaestiouibus
361 887 448 956 atque
462 878 611 935 tormentis
626 875 661 935 de
679 884 770 936 semet
787 876 945 955 professo,
962 878 1076 939 exilium

73 961 200 1022 indulsit.
238 961 283 1020 Ac
304 979 339 1022 ne
363 979 419 1039 qua
440 960 545 1037 religio
565 959 648 1019 deum
672 962 786 1038 impune
816 964 1076 1041 contaminaretur,

12 1112 16 1121 ¹
73 1048 286 1121 monimentum,
304 1045 380 1125 quod
394 1045 515 1104 libertus
536 1045 598 1103 eius
620 1063 636 1104 e
656 1043 799 1124 lapidibus
821 1045 938 1126 templo
962 1044 1077 1127 Capito·

73 1130 123 1190 lini
143 1128 222 1189 lovis
243 1129 391 1188 destinatis
407 1129 466 1188 sulio
483 1137 681 1206 exstruxerat,
699 1127 784 1188 diruit
802 1146 862 1209 per
883 1131 1017 1210 milites,
1036 1145 1103 1194 osu

75 1231 165 1293 saque
182 1222 210 1272 et
227 1212 366 1289 reliquias
383 1231 457 1291 quae
473 1215 584 1272 inerant
599 1216 669 1272 mari
689 1214 799 1272 mersit.

45 1306 62 1359 9
134 1295 212 1356 luter
226 1297 305 1356 initia
320 1314 410 1375 usque
428 1297 501 1356 adeo
516 1296 552 1358 ab
569 1301 645 1356 omni
663 1297 753 1358 caede
769 1295 969 1376 abhorrebat,
988 1308 1021 1361 ut
1034 1298 1077 1361 ab

73 1391 156 1442 sente
173 1379 264 1439 adhuc
282 1390 363 1458 patre
379 1381 549 1442 recordatus
567 1382 685 1458 Virgilii
703 1400 833 1441 versum:

157 1462 259 1543 impio
275 1483 366 1543 quom
383 1467 486 1526 caesis
497 1484 573 1546 qens
588 1472 635 1526 est
649 1467 777 1545 epulata
788 1465 942 1543 iuvencis,

74 1550 190 1610 edicere
209 1549 368 1626 destinarit,
389 1569 425 1611 ne
446 1550 540 1610 boves
556 1550 778 1611 immolarentur.
812 1548 993 1629 cupiditatis
1011 1562 1100 1632 quo-tt

73 1652 129 1711 que
145 1642 230 1710 atque
247 1635 384 1694 auaritiae
404 1636 454 1694 vin
475 1636 662 1713 suspitionem
682 1634 768 1694 ullam
788 1643 836 1695 aut
859 1637 999 1714 privatus
1022 1654 1076 1696 um·

74 1735 158 1796 quam
172 1727 219 1776 aut
235 1719 373 1796 princeps
390 1718 552 1797 aliquandiu
571 1718 665 1795 dedit,
689 1721 774 1779 immo
794 1717 953 1780 ediverso
974 1736 1077 1799 magna

73 1820 162 1879 saepe
178 1819 235 1860 non
251 1801 440 1862 abstinentiae
456 1803 543 1862 modo
571 1802 623 1862 sed
648 1805 733 1864 ctiam
759 1801 945 1864 liberalitatis
961 1805 1075 1885 experi-

72 1896 177 1945 menta.
218 1885 316 1945 Ornnis
340 1888 418 1946 circa
440 1904 472 1944 se
497 1886 662 1963 largissime
692 1895 882 1966 prosecutus,
901 1886 978 1949 nibil
999 1890 1076 1969 prim

71 1979 119 2030 aut
142 1970 236 2027 acrius
256 1972 364 2030 monuit
384 1988 468 2048 quam
488 1988 524 2030 ne
547 1969 615 2048 quid
634 1970 749 2032 sordide
766 1971 908 2031 iacerent.
941 1970 1103 2033 Relictastt

72 2052 126 2113 sibi
143 2052 322 2114 hereditates
337 2051 372 2113 ab
386 2055 432 2131 iis,
453 2053 554 2132 quibus
572 2054 657 2114 liberi
673 2064 767 2132 erant,
784 2072 841 2115 nou
855 2057 987 2135 recepit.
1023 2050 1075 2117 be

71 2145 167 2215 gutum
184 2141 268 2198 etiam
283 2156 320 2196 ex
334 2147 506 2197 testamento
523 2139 612 2199 Rusci
632 2137 806 2218 Caepionis,
830 2141 879 2217 qui
903 2149 1028 2202 caverat
1044 2149 1073 2201 ut

72 2231 141 2301 quot
169 2224 249 2281 annis
275 2221 504 2298 ingredientibus
532 2226 639 2283 curiam
661 2222 842 2284 senatoribus
864 2231 978 2284 certam
1000 2242 1073 2286 snm-

70 2325 143 2367 mam
160 2307 264 2365 viritim
280 2315 442 2383 praestaret
456 2306 542 2367 lueres
558 2325 641 2384 suus,
659 2308 768 2367 irritum
784 2307 864 2367 iecit.
898 2307 1002 2386 Reos,
1025 2309 1073 2391 qui

70 2400 135 2451 ante
158 2391 379 2469 quinquennium
401 2393 560 2468 proximum
581 2390 657 2470 apud
677 2393 818 2453 aerarium
848 2391 1072 2471 pependissent,
1081 2404 1102 2445 ²⁵

69 2477 222 2533 universos
240 2474 403 2533 discrimine
424 2474 576 2552 liberavit,
600 2494 655 2536 uec
679 2476 774 2555 repeti
794 2475 850 2536 nisi
870 2476 946 2536 intra
968 2494 1073 2537 annum

70 2575 162 2635 eaque
180 2558 343 2617 conditione
367 2562 510 2637 permisit,
531 2568 561 2619 ut
579 2562 742 2620 accusatori
756 2560 804 2639 qui
821 2576 937 2620 causam
954 2578 1014 2621 non
1030 2570 1072 2621 te·

68 2651 151 2700 neret
167 2641 283 2701 exilium
299 2660 394 2719 poena
415 2651 503 2702 esset.
540 2644 657 2705 Scribas
674 2644 858 2723 quaestorios
879 2646 1071 2722 negotiantis,

69 2743 106 2784 ex
123 2724 330 2785 cousuetudine
347 2725 399 2785 sed
416 2736 515 2787 contra
528 2726 658 2788 Clodiam
675 2729 782 2806 legem,
798 2728 923 2789 veniain
938 2736 1071 2808 praeter·

67 2811 136 2868 itum
160 2808 284 2868 donavit.
321 2808 489 2887 Subsiciva,
519 2829 593 2889 quae
616 2810 716 2872 divisis
733 2830 787 2892 per
808 2820 968 2873 veteranos
990 2812 1101 2891 agnas

69 2894 189 2972 carptim
205 2894 425 2972 superfuerunt,
442 2895 589 2955 veteribus
612 2895 832 2974 possessoribus
854 2905 884 2956 ut
906 2915 961 2956 usn
985 2906 1072 2976 capta

69 2978 224 3039 concessit.
260 2976 391 3039 Fiscales
412 2978 567 3039 calumnias
589 2999 693 3059 magna
716 2979 946 3042 calumniantium
973 2997 1072 3060 poena

67 3063 225 3141 repressit,
247 3061 452 3141 ferebaturque
474 3081 534 3123 vox
555 3064 632 3124 cius:
658 3063 808 3143 Princeps
830 3063 883 3144 qui
908 3063 1072 3126 delatores

66 3165 128 3207 non
143 3145 286 3225 castiget,
303 3146 416 3214 irritat.

26 3235 60 3286 10
131 3231 189 3290 Sed
214 3247 308 3309 neque
330 3232 359 3289 in
382 3230 550 3293 clementiae
571 3250 666 3310 neque
694 3233 723 3291 in
746 3232 939 3294 abstinentiae
963 3241 1103 3295 tenore³⁵

68 3315 239 3392 permansit,
256 3325 286 3375 et
301 3322 396 3374 tamen
411 3316 555 3394 aliquanto
573 3316 697 3376 celerius
713 3314 749 3376 ad
771 3319 921 3377 saevitiam
944 3315 1073 3378 descivit

68 3416 151 3475 quam
173 3398 208 3459 ad
232 3397 424 3478 cupiditatem.
459 3398 638 3479 Discipulum
655 3399 764 3461 Paridis
786 3402 951 3479 pantomimi
975 3401 1072 3481 impu·

65 3479 165 3546 berem
188 3483 280 3546 adbuc
301 3493 329 3543 et
351 3501 413 3543 cum
435 3485 555 3544 maxime
575 3501 712 3562 aegrum,
738 3483 815 3564 quod
835 3492 897 3544 arte
913 3485 1073 3566 turmaque
