2334 3870
459 213 739 264 urnsnmua.
1026 200 1089 263 alt

458 642 711 700 tirannica.

155 799 340 859 Vitelliorum
355 801 496 877 originem
511 800 560 859 alii
576 800 660 859 aliam
681 809 709 860 et
730 804 844 880 quidem
866 803 1123 866 diversissimaml

93 883 223 960 tradunt,
246 885 349 963 partim
365 893 495 944 veterem
512 893 541 943 et
557 883 702 961 nobilem,
721 888 822 963 partim
842 907 915 948 vero
935 904 1038 948 novam
1061 895 1091 948 ct

95 968 247 1028 obscuram
268 977 355 1047 atque
378 971 463 1029 etiarn
484 968 648 1037 sordidam;
672 970 749 1047 quod
770 987 827 1047 ego
849 990 904 1050 per
924 971 1090 1032 adulatores

93 1051 367 1131 obtrectatoresque
384 1053 567 1132 imperatoris
584 1052 684 1112 Vitelli
705 1055 841 1115 evenisse
864 1056 1014 1133 opinarer,
1038 1053 1091 1114 nisi

67 1153 81 1194 a
95 1136 239 1214 aliquanto
251 1138 329 1214 prius
341 1137 377 1196 dc
389 1137 515 1198 familiae
527 1137 692 1198 conditione
704 1141 842 1198 variatum
857 1148 947 1198 esset.
963 1136 1090 1211 ExtatQ.

92 1220 178 1296 Elogi
191 1221 226 1280 ad
240 1219 375 1293 Quintum
385 1221 534 1282 Vitellium
545 1221 611 1282 Divi
623 1221 748 1300 Augusti
761 1232 949 1302 quaestorem
962 1221 1090 1301 libellus,

93 1321 150 1382 quo
167 1305 340 1378 continetur,
354 1303 491 1365 Vitellios
507 1304 606 1365 Fauno
621 1305 812 1384 Aboriginum
826 1326 899 1386 rege
916 1316 945 1368 et
960 1305 1090 1382 Vitellia,

94 1404 168 1465 quae
184 1386 279 1445 multis
296 1386 371 1445 locis
388 1404 441 1463 pro
457 1388 570 1446 numine
588 1389 746 1464 coleretur,
765 1400 846 1450 ortos
862 1400 923 1451 toto
940 1390 1021 1450 Latio
1041 1391 1091 1448 im·

94 1487 232 1548 perasse;
255 1469 358 1528 horum
381 1470 526 1529 residuam
548 1471 668 1546 stirpem
689 1489 727 1529 ex
741 1471 855 1531 Sabinis
877 1474 1019 1531 transisse
1034 1471 1092 1529 Ro·

59 1570 85 1611 ru
96 1572 168 1614 mam
183 1562 269 1631 atque
287 1554 363 1612 iuter
378 1553 516 1631 patricios
532 1550 690 1621 adlectam;
713 1553 816 1613 indicia
834 1556 932 1632 stirpis
952 1554 1093 1612 mansisse

95 1639 142 1698 diu
157 1639 231 1696 viam
246 1636 394 1697 Vitelliam
411 1637 447 1697 ab
463 1635 591 1697 Ianiculo
608 1637 643 1697 ad
659 1654 852 1715 marcusque,
868 1639 936 1698 item
948 1637 1093 1698 coloniam

95 1721 224 1782 eiusdem
245 1722 385 1798 nominis,
407 1739 491 1800 quam
511 1719 613 1799 gentili
636 1722 720 1799 copia
748 1719 890 1781 adversus
911 1721 1093 1800 Aequiculos

93 1806 238 1867 tutandam
262 1807 330 1867 olim
356 1806 616 1886 depoposcissent;
646 1815 780 1884 tempore
813 1805 919 1866 deinde
947 1805 1093 1874 Samnitici

93 1891 163 1951 belli
175 1891 323 1969 praesidio
335 1892 363 1950 in
374 1891 508 1970 Apuliam
520 1892 620 1967 misso,
637 1890 777 1970 quosdam
800 1909 837 1950 ex
856 1889 972 1950 Vitellis
989 1888 1092 1948 subse·

58 1993 85 2035 ns
95 1976 173 2035 disse
187 1976 346 2050 Nuceriae,
369 1992 527 2053 eorumque
547 1977 718 2053 progeniem
740 1975 829 2052 longo
850 1985 918 2053 post
937 1972 1091 2035 intervallo

93 2061 239 2138 repetisse
260 2057 360 2118 urbem
381 2067 469 2137 atquc
491 2058 620 2119 ordinem
638 2061 823 2119 senatorium.
866 2056 972 2120 Contra
990 2057 1125 2137 plurcs2

94 2154 242 2205 auctorem
263 2144 381 2221 generis
404 2140 568 2201 libertinum
591 2143 795 2221 prodiderunt,
824 2145 939 2204 cassius
962 2145 1091 2204 Severus

93 2247 149 2289 nec
169 2229 261 2288 minus
281 2228 330 2287 alii
353 2226 475 2287 eundem
498 2235 528 2286 et
549 2235 676 2287 sutorem
702 2229 988 2306 veteramentarium,
1012 2227 1091 2286 cuius

94 2313 169 2372 iilius
187 2311 365 2373 sectionibus
382 2321 411 2371 et
427 2312 586 2389 cognituris
599 2310 717 2372 uberius
740 2313 940 2390 compendium
959 2319 1091 2386 nanctus,

58 2413 85 2455 so
98 2415 135 2456 ex
152 2397 273 2457 muliere
289 2396 413 2474 vulgari,
426 2395 564 2455 Antiochi
582 2395 728 2456 cuiusdam
749 2397 903 2457 furnariam
925 2395 1092 2456 exercentis

95 2481 164 2555 filia,
182 2482 308 2559 equitem
322 2479 357 2540 R.
375 2482 518 2558 genuerit.
549 2480 608 2540 Sed
625 2481 702 2559 quod
718 2481 875 2560 discrepat,
891 2483 928 2540 sit
944 2482 972 2539 in
986 2479 1091 2539 medio.

96 2563 233 2625 Ceterum
247 2564 277 2624 P.
293 2564 429 2625 Vitellius
445 2565 531 2625 domo
545 2564 683 2642 Nuceria,
702 2567 764 2625 sive
779 2565 830 2625 ille
846 2567 944 2645 stirpis
958 2565 1092 2642 antiquae

95 2651 157 2709 sive
175 2647 318 2728 pudendis
333 2648 501 2729 parentibus
519 2657 607 2728 atque
620 2650 692 2726 avis,
711 2668 803 2729 eques
816 2659 897 2709 certe
909 2648 943 2709 R.
958 2658 1092 2710 etrerum

95 2734 217 2812 Augusti
232 2742 415 2813 procurator,
432 2743 566 2813 quattuor
580 2733 656 2794 lilios
671 2735 864 2813 amplissimae
880 2733 1026 2810 dignitatis
1043 2749 1092 2794 co·

58 2820 247 2897 ttgnomines
268 2836 303 2878 ac
322 2827 429 2879 tantum
452 2818 687 2897 praenominibus
709 2820 861 2879 distinctos
886 2817 1004 2896 reliquit
1024 2815 1091 2876 Aul.

96 2903 131 2977 Q.
149 2902 179 2962 P.
196 2907 224 2962 l.
241 2900 332 2962 Aulus
348 2903 376 2960 in
391 2903 542 2963 consulatu
559 2902 648 2979 obiit,-
671 2921 754 2982 quem
777 2920 840 2962 cum
856 2901 983 2962 Domitio
998 2899 1092 2962 Nero·

94 2988 138 3047 nis
155 2985 290 3048 Caesaris
305 2994 388 3064 patre
401 2988 514 3063 inierat,
529 2986 697 3064 praelautus
709 2987 817 3065 alioqui
828 2986 1016 3065 famosusque
1026 3003 1093 3045 cac·

94 3089 193 3132 narum
208 3070 430 3148 magnificentia.
464 3070 586 3145 Quintus
604 3071 694 3131 caruit
708 3070 820 3146 ordine,
837 3090 899 3132 cum
917 3079 1037 3132 auctore
1048 3069 1092 3130 ui·

93 3156 177 3217 herio
192 3156 308 3215 secerni
326 3155 416 3214 minus
433 3154 555 3215 idoneos
574 3164 726 3215 senatores
745 3158 950 3234 removerique
967 3153 1092 3234 placuis-

58 3248 149 3301 soset.
165 3245 194 3299 Ρ.
203 3286 212 3319 ,
232 3238 395 3300 Germanici
414 3257 529 3316 comes,
554 3237 612 3300 ott.
626 3238 759 3300 Pisonem
771 3240 915 3301 inimicum
930 3248 959 3299 et
973 3238 1092 3300 interie-

95 3334 205 3385 ctorem
227 3325 289 3384 eius
311 3325 460 3384 accusavit
488 3324 764 3404 condemnavimus,
786 3342 821 3385 ao
846 3334 916 3404 post
937 3333 1091 3402 praeturae

92 3409 234 3470 honorem
250 3409 325 3469 inter
340 3409 437 3470 Seiani
456 3409 591 3470 conscios
608 3418 744 3487 arreptus
754 3418 784 3470 et
795 3410 823 3468 in
838 3408 998 3469 custodiam
1011 3408 1082 3468 fratr

93 3492 175 3554 datus
192 3492 282 3548 acalm‘
298 3509 308 3524 ⁸
328 3491 445 3544 libror-in
464 3511 554 3540 *vanas
570 3493 625 3543 atto
640 3493 750 3544 incidit.
769 3511 825 3540 1¹0⁴.
841 3502 896 3552 lam
909 3493 1011 3548 mortis
1023 3508 1074 3551 nge
