2334 3870
488 224 516 270 0.
541 222 727 272 CALIGULA.
1049 214 1106 276 131

104 379 257 441 Drusillam
279 376 473 457 appellatam,
494 395 548 455 per
570 379 694 438 omnium
715 377 832 438 dearum
854 381 961 460 templa
987 381 1109 443 circom-

105 466 221 541 ferens,
249 463 398 524 Minervae
416 463 529 538 gremio
548 461 683 541 imposuit
698 462 889 543 alendamque
910 474 939 524 et
960 464 1107 527 instituen-

106 548 168 609 dam
192 545 412 608 ccmmendavit.
456 545 520 606 Nec
549 545 608 606 ullo
634 549 760 608 lirmiore
787 549 895 609 indicio
923 550 967 608 sui
993 551 1108 610 seminis

104 651 171 693 esse
195 631 336 693 credebat
361 647 444 709 quam
473 630 612 709 feritatis,
641 650 713 712 quae
742 632 784 693 illi
815 651 930 714 quoque
953 640 1031 693 tanta
1053 635 1110 697 iam

77 728 170 783 stunc
188 726 267 793 erat,
295 723 326 773 nt
347 713 460 774 infestis
478 713 575 792 digitis
599 732 651 775 ora
676 725 705 775 et
720 718 821 778 oculos
845 719 929 780 simul
952 716 1109 778 ludentium

100 801 250 862 infantium
264 800 436 859 incesseret.
480 797 561 859 heve
578 817 612 858 ac
630 798 765 876 frigidum
787 803 822 862 sit
838 801 882 863 his
897 802 1021 878 addere,
1050 802 1151 881 quold

101 886 285 964 propinquos
304 883 469 963 amicosque
492 892 579 962 pacto
601 885 788 962 tractaverit,
809 885 1005 947 Ptolemaeum
1026 886 1108 965 regis

99 969 189 1030 lubae
205 969 307 1046 lilium,
334 968 538 1029 consobrinum
559 987 655 1046 suum,
682 970 761 1049 (erat
779 970 854 1029 enim
872 979 901 1029 ct
921 972 947 1029 is
960 969 998 1030 bl.
1016 969 1106 1031 Anto·

98 1055 138 1112 nii
164 1071 202 1113 ex
224 1053 332 1113 Selene
356 1052 414 1114 lilia
436 1053 547 1133 nepos)
578 1063 607 1113 et
633 1055 662 1113 in
691 1054 791 1132 primis
816 1055 909 1134 ipsum
929 1053 1107 1130 Macronem,

63 1155 89 1196 ro
98 1140 191 1217 ipsam
211 1136 346 1213 Enniam,
378 1137 524 1199 adiutores
546 1138 675 1217 imperii:
706 1138 808 1217 quibus
831 1137 963 1199 omnibus
986 1155 1042 1217 pro
1057 1154 1107 1197 ne·

99 1221 281 1283 cessitudinis
298 1223 360 1282 iure
376 1240 488 1302 proque
500 1225 667 1284 meritorum
688 1225 782 1300 gratia
806 1233 925 1285 cruenta
943 1241 1024 1284 mors
1040 1241 1106 1302 per-

99 1307 195 1366 soluta
210 1315 265 1364 est.
1099 1350 1102 1355 ,

162 1388 260 1447 Nihilo
275 1389 457 1446 reverentior
471 1387 604 1446 leniorue
620 1407 692 1464 erga
711 1400 855 1468 senatum,
876 1391 1016 1469 quosdam
1032 1411 1105 1451 snm-

98 1475 153 1532 mis
168 1470 328 1530 honoribus
345 1469 460 1529 iunctos
487 1469 522 1528 ad
545 1469 678 1529 essedum
703 1471 757 1528 sibi
776 1491 895 1531 currere
918 1481 1037 1549 togatos
1052 1491 1107 1549 per

65 1577 91 1618 rs
100 1555 211 1633 aliquot
229 1571 365 1633 passuum
382 1552 475 1629 milia,
506 1560 535 1612 et
552 1554 684 1613 caenanti
707 1553 792 1612 modo
818 1555 854 1614 ad
874 1554 1002 1630 pluteum
1018 1554 1106 1615 modo

99 1638 135 1701 ad
153 1638 246 1717 pedes
264 1647 342 1699 stare
360 1637 526 1698 succinctos
544 1638 633 1698 linteo
650 1655 755 1716 passus
774 1647 832 1708 est;
856 1637 929 1697 alios
946 1656 1010 1697 cum
1033 1638 1107 1701 clam

96 1724 306 1800 interemisset,
327 1724 418 1784 citare
432 1721 523 1784 nihilo
539 1723 631 1782 minus
648 1732 678 1783 ut
692 1725 777 1783 vivos
793 1723 1012 1802 perseveravit,
1038 1740 1106 1800 pau-

98 1825 150 1868 cos
165 1816 233 1885 post
247 1807 309 1868 dies
326 1807 488 1870 voluntaria
505 1816 599 1868 morte
611 1809 725 1886 perisse
740 1811 884 1868 mentitus.
931 1803 1107 1867 Consulibus

97 1891 195 1953 oblitis
212 1891 248 1951 de
264 1891 352 1953 natali
368 1911 420 1952 suo
436 1892 555 1953 edicere
578 1892 732 1970 abrogavit
752 1887 965 1970 magistratum,
994 1891 1107 1971 fuitque

61 1993 151 2058 mper
169 1975 291 2036 triduum
312 1978 373 2036 sine
395 1994 502 2036 summa
517 1986 663 2057 potestate
683 1997 732 2038 res
758 1997 786 2056 p.
806 1978 999 2052 Quaestorem
1025 1995 1105 2037 suum

95 2063 125 2123 in
144 2061 343 2123 coniuratione
365 2063 539 2121 nominatum
563 2061 740 2140 flagellavit,
775 2071 858 2121 veste
885 2060 1014 2123 detracta
1039 2060 1104 2121 sub·

95 2148 231 2225 lectaque
245 2145 364 2205 militum
379 2143 517 2223 pedibus,
538 2162 594 2224 quo
613 2146 693 2207 firme
711 2145 894 2206 uerberaturi
910 2147 1087 2206 insisterent.

159 2231 251 2291 Simili
279 2228 417 2309 superbie
447 2229 645 2308 violentiaque
675 2239 792 2292 ceteros
817 2231 952 2290 tractavit
978 2227 1104 2288 ordines.

94 2314 273 2395 Inquietatus
299 2315 414 2375 iremitu
439 2314 565 2391 gratuite
589 2315 619 2373 in
645 2315 725 2374 circo
747 2314 815 2375 loca
841 2313 877 2374 de
902 2313 997 2373 media
1019 2319 1106 2370 nocte

60 2422 87 2464 as
97 2402 319 2480 occupantium,
346 2400 437 2460 omnis
453 2398 576 2459 fustibus
592 2397 705 2475 abegit;
729 2397 794 2458 elisi
808 2417 861 2478 per
875 2416 940 2459 eum
957 2394 1106 2458 tumultum

95 2486 199 2564 viginti
226 2484 349 2564 amplius
379 2484 491 2562 equites
515 2483 551 2544 R.
573 2482 693 2543 totidem
719 2491 885 2560 matronae,
912 2500 1002 2561 super
1025 2481 1104 2541 innu-

94 2588 203 2632 meram
222 2569 335 2631 turbam
364 2576 501 2629 ceteram.
546 2568 696 2629 Scaenicis
723 2567 813 2646 ludis,
841 2568 916 2627 inter
937 2564 1055 2645 plebem
1076 2573 1106 2624 et

95 2657 222 2735 equitem
241 2672 356 2716 causam
371 2652 580 2714 discordiarum
602 2672 722 2731 serens,
752 2652 880 2712 decimas
900 2650 1037 2711 maturius
1055 2648 1103 2710 da·

94 2739 162 2819 bat,
189 2750 219 2802 ut
241 2739 387 2820 equestria
409 2738 444 2799 ab
469 2740 566 2799 inlimo
588 2756 704 2818 quoque
727 2744 950 2817 occuparentur.
989 2733 1091 2797 Gladia

59 2826 172 2885 notorio
197 2843 331 2903 munere,
353 2823 481 2884 reductis
509 2823 650 2884 interdum
679 2822 902 2901 flagrantissimo
934 2817 998 2878 sole
1019 2816 1103 2894 velis,

95 2911 186 2971 emitti
204 2927 374 2989 quemquam
389 2907 506 2969 vetabat
527 2918 699 2988 remotoque
714 2906 860 2969 ordinario
877 2909 1036 2983 apparatu,
1063 2909 1104 2960 ta-

93 2994 170 3056 bidis
191 2995 263 3055 feris
284 2995 442 3054 vilissimos
459 2993 599 3072 senioque
619 2992 772 3053 coniectos
790 2989 985 3068 gladiatores,
1000 2985 1019 3023 ⁴¹
1033 3001 1104 3065 quo-

95 3098 152 3159 que
168 3081 335 3159 paegniaris
351 3087 450 3158 patres
463 3077 632 3138 familiarum
647 3085 733 3137 notos
751 3074 803 3135 sed
816 3075 938 3152 insignis
955 3069 1105 3133 debilitate

94 3165 190 3243 aliqua
209 3165 343 3243 corporis
366 3161 522 3223 obiciebat.
566 3161 612 3222 Ac
629 3177 854 3240 nonnumquam,
881 3157 997 3219 horreis
1019 3170 1103 3233 prae·

57 3277 84 3319 ³⁶
96 3249 202 3326 clusis,
229 3249 340 3327 populo
359 3247 465 3318 famem
480 3246 590 3308 indixit.

160 3334 316 3396 Saevitiam
342 3334 452 3411 ingenii
474 3351 529 3412 per
551 3331 625 3392 haec
654 3331 775 3391 maxime
795 3325 930 3390 ostendit.
977 3321 1047 3382 (ium
1067 3320 1134 3383 ads

95 3419 228 3496 saginam
244 3419 370 3479 ferarum
384 3437 485 3478 muner
517 3425 752 3497 praeparatarum
767 3413 861 3474 carius
876 3406 1006 3491 pecudes
1025 3423 1102 3468 oom-

94 3513 285 3583 Pfll'ffl'elldlll',
311 3521 349 3560 e?
386 3504 464 3552 ψῖίἱν
506 3500 649 3560 tondendos
679 3499 822 3548 arlnnurv..
860 3505 881 3555 'd
902 3489 1094 3616 m(gpngnpliurqqrr
