2334 3870
520 207 691 256 nunninus.
1042 200 1100 262 109

98 362 211 422 nemin
230 360 321 421 insula
343 358 459 437 Pontia,
477 360 601 422 Drusum
624 362 655 422 in
675 363 730 424 ima
752 373 834 443 parte
858 363 969 426 Palatii.
1000 364 1104 433 Putant

98 446 243 507 Neronem
264 443 300 505 ad
323 443 514 505 voluntariam
534 454 656 507 mortem
676 457 825 528 coactum,
849 466 912 509 cum
929 449 956 508 ei
972 449 1104 510 carnifex

98 531 179 610 quasi
198 548 237 590 ex
258 537 375 589 senatus
396 530 566 590 auctoritate
590 532 696 593 missus
713 531 836 612 laqueos
853 541 883 592 et
897 549 990 592 uncos
1006 542 1101 593 osten·

97 621 189 692 taret',
209 614 305 674 Druso
328 620 423 671 autem
445 612 519 673 adeo
542 614 676 676 alimenta
697 615 839 678 subducta
862 626 892 677 ut
913 625 1103 678 tomentume

75 699 205 759 sculcita
220 696 405 775 temptaverit
419 695 567 774 mandere,
579 697 727 760 amborum
741 702 785 762 sic
799 701 938 782 reliquias
955 699 1114 780 dispersas-

96 792 127 842 ut
144 784 194 841 vix
211 780 383 859 quandoque
400 780 502 858 colligi
516 791 647 861 possent.

162 865 258 944 Super
284 873 400 924 veteres
426 867 535 926 amicos
557 883 593 927 ac
621 864 777 928 familiares
806 869 907 945 viginti
936 868 991 930 sibi
1017 879 1146 932 eno-ot

97 966 178 1009 mero
195 949 355 1030 principum
379 949 502 1009 civitatis
525 949 759 1029 depoposcerat,
778 951 857 1010 velut
874 953 1056 1013 consiliarios
1074 953 1104 1012 in

95 1034 222 1111 negotiis
251 1031 384 1111 publicis.
433 1031 543 1093 Horum
572 1034 623 1093 vir
654 1033 727 1094 duos
758 1053 833 1095 anne
860 1043 921 1094 tres
952 1035 1105 1095 incolumis

61 1118 254 1198 repraestitit,
281 1125 398 1177 ceteros
422 1117 508 1178 alium
528 1119 585 1178 alia
611 1117 647 1178 de
668 1138 754 1180 causa
777 1119 919 1199 perculit,
941 1119 1017 1179 inter
1032 1136 1105 1199 quos

96 1220 158 1262 cum
180 1201 367 1280 plurimorum
391 1201 474 1262 clade
494 1201 610 1263 Aelium
634 1204 783 1274 Seianum
804 1200 946 1284 quemad
967 1221 1105 1265 summam

95 1287 254 1366 potentiam
274 1302 332 1344 non
354 1294 411 1344 tam
431 1286 628 1346 benivolentia
650 1298 844 1366 provexerat,
868 1308 953 1367 quam
975 1298 1006 1348 ut
1024 1296 1105 1349 esset

97 1372 176 1430 cuius
190 1366 350 1425 ministerio
364 1385 398 1424 ac
409 1367 557 1425 incudibus
569 1368 681 1429 liberos
693 1371 855 1431 Germanici
870 1373 1103 1448 circumveniret,

96 1460 294 1528 nepotemque
316 1466 396 1506 suum
414 1466 453 1506 ex
469 1447 564 1507 Druso
581 1449 640 1507 lilio
656 1453 815 1510 naturalem
831 1453 868 1514 ad
884 1457 1106 1514 successionem

63 1553 89 1594 rs
99 1535 211 1613 imperii
227 1533 419 1592 confirmaret.

158 1617 255 1679 Nihilo
278 1616 373 1676 lenior
391 1616 420 1675 in
443 1617 628 1677 convictores
653 1615 829 1693 Graeculos,
852 1616 955 1696 quibus
979 1617 1025 1677 vel
1046 1637 1103 1681 ma·
1113 1624 1147 1680 56

96 1705 173 1764 xime
189 1700 406 1779 adquiescebat.
441 1700 594 1762 Xenonem
610 1701 752 1779 quendam
779 1701 952 1780 exquisitius
968 1704 1105 1762 sermoci-

96 1797 210 1848 nantem
224 1803 287 1845 cum
301 1788 525 1862 interrogasset,
541 1805 681 1865 quaenam
697 1785 745 1846 illa
758 1795 815 1847 tam
825 1786 950 1847 molesta
962 1785 1105 1847 dialectos

98 1880 193 1948 esset,
213 1880 242 1930 et
257 1870 305 1930 ille
321 1870 523 1949 respondisset
537 1870 690 1947 Doridem,
706 1871 851 1947 relegavit
870 1869 1027 1947 Cinariam,
1044 1872 1104 1930 exi·

59 1958 214 2016 aestimans
240 1954 447 2032 exprobratum
472 1954 528 2014 sibi
552 1964 683 2015 veterem
709 1973 869 2032 secessum,
897 1956 973 2035 quod
994 1954 1104 2016 Dorice

94 2039 201 2101 Rhodii
228 2037 390 2116 loquantur.
422 2037 495 2098 ltem
522 2058 585 2098 cum
613 2040 725 2100 soleret
753 2058 791 2098 cx
811 2040 938 2101 lectione
960 2039 1105 2101 cotidiana

97 2124 284 2204 quaestiones
308 2140 398 2200 super
421 2140 539 2182 caenam
555 2141 724 2202 proponere
749 2132 777 2182 et
794 2125 986 2204 comperisset
1001 2125 1102 2185 Seleu·

97 2227 159 2270 cum
180 2206 396 2285 grammaticum
419 2224 435 2266 a
452 2206 588 2264 ministris
604 2209 663 2266 suis
681 2209 870 2287 perquirere,
894 2226 969 2286 quos
987 2225 1103 2287 quoque

95 2303 229 2372 tempore
256 2299 394 2350 tractaret
419 2299 569 2367 auctores,
597 2299 684 2369 atque
705 2293 743 2351 ita
765 2301 968 2372 praeparatum
991 2292 1103 2367 venire,

60 2393 87 2434 as
98 2381 249 2459 primuma
265 2374 455 2435 contubernio
469 2375 602 2452 removit,
620 2374 723 2435 deinde
737 2378 822 2437 etiam
838 2377 874 2438 ad
888 2386 1010 2437 mortem
1026 2393 1103 2435 com-

117 2463 178 2521 ulit.

96 2482 114 2543 p
159 2547 254 2605 Saeva
277 2562 313 2604 ao
337 2544 414 2604 lenta
435 2552 535 2604 natura
558 2563 594 2603 ne
611 2545 639 2602 in
656 2563 748 2623 puero
766 2545 880 2622 quidem
898 2544 994 2605 latuit:
1019 2554 1144 2622 quamct

95 2629 268 2692 Theodorus
291 2628 439 2689 Gadareus
465 2629 630 2689 rhetoricae
657 2639 835 2708 praeceptor
859 2638 888 2689 ct
912 2629 1103 2710 perspexisse

96 2716 204 2795 primus
225 2714 372 2792 sagaciter
394 2723 423 2774 ct
443 2714 619 2775 assimilasse
635 2715 783 2792 aptissime
802 2716 880 2774 visus
898 2722 957 2791 est,
981 2711 1103 2773 subinde

59 2800 125 2859 scin
148 2798 328 2877 obiurgando
352 2799 505 2879 appellans
522 2817 586 2858 cum
601 2786 709 2878 πηλὸν
730 2797 843 2878 αἵματι
862 2791 1104 2878 πεφυραμένον

97 2881 138 2970 [id
154 2894 198 2944 est
213 2885 301 2944 lutum
317 2901 333 2943 a
350 2886 489 2962 sanguine
506 2879 703 2966 maceratum]
730 2883 788 2943 Sed
805 2884 951 2962 aliquanto
966 2882 1059 2958 magis
1075 2883 1104 2940 in

95 2970 228 3049 principe
243 2969 343 3044 eluxit,
356 2969 440 3027 ctiam
452 2969 527 3028 inter
541 2969 620 3028 initia
633 2987 696 3028 cum
712 2967 804 3028 adhuc
816 2968 947 3028 favorem
958 2966 1104 3027 bominum

94 3053 302 3114 moderationis
327 3052 509 3113 simulatione
536 3062 676 3132 captaret.
720 3053 869 3129 Scurram,
897 3053 945 3132 qui
972 3057 1102 3130 praeter·

96 3147 182 3199 eunte
202 3138 303 3197 funere
328 3137 407 3196 clare
428 3146 540 3197 mortuo
558 3137 724 3215 mandarat,
745 3147 775 3198 ut
795 3139 938 3197 nuntiaret
955 3136 1098 3213 Augusto.

58 3220 229 3284 “scodram
248 3220 341 3281 reddi
355 3221 460 3301 legato
480 3239 561 3301 quoe
572 3220 675 3300 plebei
687 3222 873 3302 reliquisset,
893 3222 1050 3282 adtractum
1067 3231 1098 3279 ac·

94 3325 127 3367 se
151 3308 288 3384 recipere
315 3305 442 3366 debitum
469 3306 592 3385 ducique
619 3307 655 3367 ad
683 3308 857 3387 supplicium
878 3306 1047 3385 imperavit,
1074 3312 1103 3364 et

94 3390 171 3471 patri
186 3408 239 3450 sno
256 3407 356 3451 verum
371 3390 494 3451 referre.
529 3390 593 3452 Nec
607 3392 695 3452 multo
713 3402 781 3473 post
798 3394 827 3450 in
845 3400 946 3452 senatu
961 3389 1092 3469 Pompeis

95 3472 207 3537 cuidam
226 3476 315 3544 coniti
335 3476 370 3537 ll.
395 3475 524 3540 ruiddam
549 3472 728 3548 nernegaoti
766 3477 823 3536 lum
840 3476 953 3537 vincula
971 3477 1087 3536 minatur
