2286 3862
180 207 204 254 X
524 202 732 250 Pescennio.

184 380 260 436 esse,
277 379 337 421 erem
351 367 504 419 ceterorum
518 363 649 427 mairem,
665 364 745 417 etium
759 362 925 434 tenemium,
943 366 1028 422 attius
1042 373 1107 425 cri·

181 450 272 520 finem
287 449 440 520 repetierit3
461 449 553 517 deque
569 444 670 501 ‘Iulius
690 446 811 502 Caesor'
832 449 861 502 in
880 450 1024 519 principio
1047 454 1104 508 ad-

185 533 242 589 ditu
267 546 327 588 esse
350 530 442 586 uerba.
486 530 607 586 Eandem
632 529 798 586 sententiam
827 547 888 586 curn
914 532 1103 594 doctissimus

185 616 303 689 quisque
319 615 431 671 tulisset
446 620 476 668 ut
493 613 637 669 Turnebus
652 612 767 669 Ursinus
784 613 990 687 Glandorpius‚
1007 623 1037 673 et
1055 623 1103 677 vel

185 698 290 756 mederi
306 699 333 753 ei
348 698 473 754 iacturae
489 696 643 753 studuisset
657 714 680 752 a.
698 703 765 755 1521
781 697 820 752 lo.
834 698 900 753 lud.
917 699 1004 757 Vives
1022 716 1103 760 com-

184 782 287 856 positis
302 782 488 854 supplementi
505 781 593 835 instar
611 780 718 850 aliquot
734 779 890 854 capitibus,
905 799 978 853 quae
996 792 1102 857 postea

155 893 156 896 ¹
185 866 321 922 Laevinus
337 865 499 921 Torrentius
514 863 649 935 ampliora
665 863 749 934 lecit,
765 865 843 920 solus
860 865 974 922 lsaacus
991 868 1102 928 Casuu-

185 952 291 1018 bonus,
321 955 442 1004 ceterum
464 947 616 1017 ‘lrauquilli
639 947 820 1019 interpretum
845 948 928 1005 iacile
951 950 1103 1028 princeps,

186 1032 280 1089 extitit
294 1032 341 1102 qni
353 1031 482 1088 Caesaris
499 1031 582 1087 vitam
596 1029 723 1087 illaesam
742 1032 777 1087 ad
792 1048 843 1088 uos
859 1033 1026 1104 pervenisse
1044 1039 1101 1096 sibi

184 1116 385 1190 persuaderet,
405 1114 475 1169 miro
491 1119 659 1169 commentus
675 1115 802 1186 potuisse
816 1116 981 1188 scriptorem
997 1119 1025 1175 in
1042 1121 1101 1179 alio

185 1198 258 1255 libro
289 1199 323 1253 de
352 1199 420 1254 lulia
453 1203 536 1268 gente
568 1195 754 1269 Caesarisque
785 1199 975 1256 adulescentia
1007 1219 1100 1277 expo.

184 1278 284 1339 suisse.
316 1282 478 1338 Recentium
490 1280 559 1337 satis
575 1280 630 1336 erit
644 1282 714 1338 duos
733 1283 891 1354 appellasse
901 1285 950 1339 ·Fr.
968 1286 1002 1341 Α.
1012 1285 1098 1346 Wol-

184 1366 247 1422 llum
270 1365 318 1437 qui
347 1365 429 1420 initio
450 1364 581 1421 caesaris
612 1365 718 1436 aliquot
749 1366 876 1422 stellulas
898 1368 1026 1426 delectus
1057 1371 1096 1428 si-

183 1449 336 1520 gnificandi
359 1464 443 1506 causa
466 1448 614 1521 apposuit,
635 1454 663 1503 et
676 1447 856 1505 Niebubrium
874 1451 920 1521 qui
936 1453 1019 1524 plane
1045 1472 1098 1526 ge-

183 1533 256 1589 mina
277 1534 376 1590 lacuna
400 1531 540 1590 Plutarchi
564 1530 713 1588 Caesarem
737 1533 869 1589 laborare
888 1535 1096 1595 animadvertit.

183 1616 239 1672 lam
260 1623 408 1688 postquam
425 1616 492 1685 Lydi
509 1615 590 1671 locus
605 1615 741 1686 innotuit,
765 1617 892 1673 dubitare
909 1630 985 1670 nemo
1002 1629 1092 1672 sanus

183 1705 285 1769 potest.
322 1699 379 1753 Sed
400 1704 429 1752 ut
444 1713 552 1754 omnem
570 1713 628 1751 rem
643 1700 830 1771 complectar,
851 1701 920 1757 baec
935 1699 995 1754 lore
1012 1699 1091 1754 dosi-

183 1781 330 1837 derantur:

248 1861 277 1935 l)
294 1864 420 1920 exterior
432 1864 498 1921 libri
512 1864 619 1920 titulus.
647 1866 836 1923 Vetustissimi
849 1868 922 1923 enirn
932 1866 998 1924 libri
1009 1867 1085 1921 blem

183 1948 290 2005 mianus
313 1954 341 2002 et
355 1948 507 2004 Vaticanus
527 1947 628 2020 lipsii,
650 1957 797 2021 praeterea
815 1950 957 2006 Parisinus
978 1956 1049 2009 5804
1069 1968 1082 2006 e

182 2031 313 2101 llaganus
332 2023 377 2106 (l)
390 2031 503 2102 Wolfii,
520 2031 641 2102 denique
657 2032 863 2090 commemorati
878 2051 893 2090 a
908 2034 1077 2090 Volaterrae

183 2121 212 2169 ot
226 2114 296 2170 Vive
312 2115 351 2172 ita
366 2115 514 2187 incipiunt:
536 2131 640 2171 annum
662 2132 747 2188 opens
763 2123 872 2172 reolum
891 2117 1022 2173 decimum
1041 2133 1076 2187 pe

183 2204 251 2253 trem
272 2199 361 2254 emisit
386 2199 610 2296 sequentibusque
633 2196 801 2266 consulibus,
824 2216 957 2270 nusquam
983 2200 1075 2256 adieci

182 2282 246 2338 Divi
261 2283 325 2339 Iulii
343 2285 464 2340 nomine.
509 2284 725 2355 Temptaverunt
741 2282 852 2352 quidem
873 2281 1105 2352 reliquorum
1061 2285 1096 2345 l

182 2367 296 2422 brorum
316 2368 429 2424 scribae
445 2368 538 2422 multis
554 2366 643 2420 modis
659 2363 762 2418 hiatum
782 2362 913 2432 explere,
934 2364 997 2420 dum
1011 2381 1101 2438 unum

182 2466 282 2505 nomeu
298 2451 403 2506 Caesar
418 2450 464 2504 vel
480 2451 535 2503 duo
551 2447 639 2500 Iubes
646 2445 751 2500 Caesar
767 2444 867 2516 primo,
883 2448 1018 2517 seeundo,
1036 2455 1099 2508 ter

180 2528 221 2587 tio
238 2533 302 2587 loco
325 2531 474 2598 adiiciunt,
495 2527 660 2600 quinetiam
682 2527 755 2585 trinu
770 2531 881 2587 nomina
898 2531 986 2586 Divus
1005 2529 1099 2594 Iuliam

182 2615 287 2670 Caesar
308 2615 353 2668 vel
373 2613 462 2667 Iulius
483 2611 586 2668 Caesar
605 2611 692 2666 Dices
705 2613 752 2668 vel
775 2614 858 2669 Cuius
878 2613 967 2670 letius
987 2616 1098 2676 Caesar

181 2696 271 2769 primo
293 2696 357 2750 loco
382 2700 565 2766 praetexunt,
587 2711 683 2751 verum
703 2712 738 2752 eo
755 2698 843 2768 magis
860 2715 938 2755 suam
954 2699 1096 2761 inscitiam

180 2779 301 2852 produnt
317 2779 460 2834 consulum
476 2779 632 2836 nominibus
648 2796 703 2836 non
718 2782 865 2853 suppletis.
894 2781 990 2852 Neque
1002 2784 1094 2844 minus

181 2863 296 2920 devano
312 2863 428 2918 haustae
444 2864 646 2934 suntvulgares
663 2864 758 2936 operis
773 2865 973 2937 inscriptiones
987 2865 1098 2924 deXII

181 2946 363 3016 caesareum,
387 2946 420 3001 de
441 2949 495 3003 cita
516 2944 581 3002 XII
604 2947 770 3016 Caesarum,
791 2949 825 3003 de
846 2950 901 3006 otte
921 2956 946 3002 et
971 2951 1094 3008 moribus

180 3031 323 3086 duodecim
339 3031 490 3088 Caesarum
511 3031 639 3102 aliaeque
655 3032 778 3103 similes,
794 3049 861 3088 cum
881 3032 910 3088 in
928 3033 1092 3093 Memmiano

181 3114 255 3171 libro
272 3114 384 3170 omnino
401 3115 476 3171 nulla
492 3120 627 3186 appareat
643 3109 721 3187 (nam
738 3116 885 3173 barbaram
899 3133 1006 3172 manum
1028 3135 1092 3174 sae-

181 3199 236 3255 culi
250 3199 313 3253 xlv
334 3213 388 3255 uon
411 3193 495 3272 curo)
518 3215 659 3270 verusque
680 3199 745 3255 libri
768 3200 863 3256 titulus
887 3199 1039 3269 antiquitus
1057 3203 1112 3266 ab,

181 3283 322 3338 nonnullis
339 3281 481 3352 liburnis,
506 3299 579 3338 nunc
601 3300 617 3339 a
638 3283 719 3340 nobis
738 3283 867 3340 debuerit
882 3298 918 3337 ex
940 3282 1092 3354 insequen-

180 3366 248 3422 tium
263 3367 381 3423 vitarum
400 3367 535 3423 clausulis
552 3372 580 3422 et
602 3366 834 3439 inscriptionibus
856 3372 992 3437 tamquam
1012 3374 1094 3439 post-

180 3447 279 3506 liminii
296 3450 358 3506 iuro
374 3448 540 3524 reciperari.
