2286 3862
78 170 141 233 ³16
360 176 390 225 o.
412 174 576 225 sunnonu
597 170 818 232 calnomum

79 346 165 396 tunae
183 332 300 392 alterius
317 339 424 391 tautum
447 330 602 390 affectum*
628 338 658 389 ut
678 326 729 389 lic
753 328 855 389 liceat
883 345 1004 391 cauom
1018 328 1100 393 miso

79 418 151 479 rori
164 416 294 475 insontis
312 416 405 475 omios'
418 423 447 474 et
459 412 604 475 Extincto
618 410 814 474 miseratus*
833 414 1006 493 agnostin
1018 418 1098 476 mise·

80 502 139 562 reri
154 509 248 559 autem
264 517 337 578 opus
355 499 444 577 ipsius
461 498 582 558 hominis
599 507 653 576 est,
667 506 698 557 ut
718 495 836 575 Tum,
856 496 897 558 iat
910 504 1097 579 osupum

80 585 179 659 solos,
194 583 343 643 miserere
360 584 494 644 tuorum!

143 668 250 729 Netum
277 668 408 726 timorem
431 675 459 725 et
481 666 638 744 pavorem}
666 674 760 725 metus
787 664 913 727 frustra
942 669 1115 747 prospicimus

81 756 166 814 timor
183 749 275 811 subita
297 751 400 809 mentis
421 750 631 817 consternatio;
653 767 745 828 pavor
769 750 868 810 animi
891 758 1006 831 motus,
1020 751 1089 813 uude

82 840 168 897 etiam
185 832 288 913 pavida
303 835 426 894 iumenta
443 833 585 893 dicuutur.

145 918 307 979 Nonstrare
335 928 364 978 et
381 918 592 996 demonstrare]
616 925 809 976 monstramus
840 918 967 999 semel,
990 918 1095 983 demon·

81 1012 205 1064 stramus
220 1005 349 1081 saepius.

147 1086 307 1147 Nationam
337 1095 366 1145 et
391 1095 512 1145 matrem
538 1084 675 1164 familias]
699 1092 833 1146 matrona
857 1086 950 1149 illios
977 1088 1109 1169 ampliatus

81 1168 312 1230 materfamilias
328 1187 402 1246 quae
419 1171 493 1246 patri
509 1168 635 1229 familiae
649 1169 755 1247 nupsit.

145 1252 260 1312 Moenia
288 1260 317 1311 et
346 1251 490 1331 aedificia]
513 1255 627 1313 moenia
649 1252 835 1331 publicorum
868 1266 947 1317 sunt
977 1271 1081 1337 operti,

82 1335 215 1398 aedilicia
229 1336 413 1413 privatorum.

143 1420 237 1481 lleret
252 1428 282 1478 et
302 1421 441 1499 meretur]
459 1437 560 1480 mereo
578 1428 672 1481 meret
686 1421 750 1499 quis
770 1422 959 1483 mercedem
974 1423 1024 1485 val
1035 1438 1085 1502 pte

83 1523 160 1574 nam;
188 1521 305 1564 mereor
326 1514 453 1565 meretur
475 1514 569 1564 autem
588 1507 636 1583 qui
659 1522 697 1563 ex
720 1502 843 1564 alterius
862 1505 985 1569 iudicio
1008 1522 1104 1587 pareat

83 1588 235 1649 benefieiis
250 1589 371 1665 gratiam
388 1597 533 1667 expectat.

144 1672 238 1748 llergi
262 1681 292 1731 et
313 1690 432 1750 mergae
456 1671 514 1732 hoc
535 1671 681 1750 differunt]
704 1673 797 1748 mergi
818 1682 894 1734 suut
918 1693 1002 1737 aves
1023 1675 1089 1735 mad

83 1774 139 1817 nae
155 1774 228 1835 quae
251 1757 327 1816 sein
348 1774 450 1836 aquam
467 1766 614 1833 mergunt;
637 1772 755 1832 mergae
778 1765 845 1816 sunt
863 1757 971 1821 fustes
990 1754 1091 1821 deducti

85 1840 187 1919 quihus
202 1842 317 1899 metitur
334 1843 362 1898 in
378 1841 459 1917 aquis
475 1839 609 1918 profundi
627 1840 778 1920 quantitas.

145 1922 259 1981 Nullum
282 1932 310 1981 et
332 1923 487 2000 neminem]
507 1923 602 1983 nullus
630 1923 666 1983 ad
685 1924 821 1983 universa
846 1934 962 2003 potest
983 1926 1113 2003 telem
1138 1945 1141 1948 ·

82 2021 167 2065 nemo
183 2003 219 2064 ad
233 2003 388 2083 hominem,
406 2007 486 2066 velut
500 2026 536 2067 ne
550 2006 636 2067 homo
651 2006 775 2087 quidem.

144 2087 240 2148 Noetu
261 2098 291 2149 et
311 2091 411 2170 noete}
429 2100 517 2151 noctu
537 2093 580 2152 sic
599 2090 718 2152 dicimus
734 2090 886 2170 quomodo
900 2092 1057 2175 interdiu,
1072 2101 1096 2155 et

83 2174 228 2251 significat
244 2173 367 2253 aliquam
382 2184 493 2254 partem
508 2177 611 2252 noetis,
628 2175 700 2244 diei;
718 2184 804 2235 noete
819 2183 924 2237 autem
942 2188 1041 2242 totam
1053 2194 1095 2239 uo

84 2268 159 2318 ctem
174 2257 380 2336 intellegimus.

146 2341 270 2402 Nescire
292 2351 321 2402 et
341 2345 490 2423 ignorare}
511 2346 559 2424 qui
578 2345 691 2420 nescit,
714 2344 836 2404 omnium
862 2345 979 2408 notitia
1005 2354 1115 2415 cursim

85 2426 132 2505 qui
147 2427 278 2503 ignorat,
297 2427 403 2506 aliquid
417 2432 519 2488 nescit.

146 2508 249 2569 Natum
280 2519 310 2569 et
335 2512 464 2590 gnatum]
484 2521 566 2571 natus
587 2510 809 2589 participialiter
824 2508 946 2574 dicitur
973 2534 994 2577 a
1010 2514 1096 2578 rerlto

85 2592 163 2672 quod
179 2602 224 2653 est
240 2596 337 2662 nasci:
357 2604 459 2672 gnatus
475 2615 491 2655 a
506 2597 696 2673 generatione
712 2594 787 2655 lilius
801 2593 920 2655 dieitur.

147 2676 295 2738 Nefarium
321 2686 350 2737 et
379 2678 543 2758 nefandum}
570 2680 698 2740 nefarius
720 2681 749 2738 in
772 2677 873 2737 verbis
895 2679 1096 2765 intellegitur,

83 2760 222 2820 nefandus
238 2765 381 2841 inopere.
1101 2782 1117 2827 s

143 2843 238 2905 Nutrit
254 2856 283 2906 et
299 2847 434 2926 nutricat]
451 2848 538 2906 nutrit
552 2846 664 2924 mulier,
680 2848 803 2907 nutricat
817 2850 990 2914 masculus.

144 2928 324 3008 Nequiquam
340 2941 369 2991 et
385 2932 578 3011 nequaquam]
586 2934 756 3012 nequiquam
770 2931 890 3011 frustra,
906 2953 1098 3020 nequaquam

84 3013 163 3073 nullo
180 3012 265 3072 modo
282 3017 434 3092 signifieat.

149 3097 249 3157 Oleam
265 3106 294 3157 et
309 3098 414 3159 olivam
430 3110 460 3160 et
475 3102 592 3181 olivum]
610 3101 675 3162 olea
692 3102 802 3161 fructus
817 3109 872 3178 est,
892 3103 981 3168 oliva
996 3108 1097 3185 arltor,

85 3181 233 3242 multitudo
258 3200 329 3242 vero
351 3182 453 3244 dicitur
476 3185 629 3264 olivetum,
650 3195 681 3246 ut
702 3194 893 3265 querquetum
918 3202 1141 3267 prunetum!

86 3265 160 3324 unde
177 3267 281 3327 olivum
297 3266 438 3345 liquorem
454 3271 612 3348 appellant.
655 3272 763 3330 Verum
788 3272 850 3330 sine
865 3270 1049 3337 discrimine
1068 3283 1096 3337 et

86 3348 180 3407 oleam
199 3360 228 3409 et
243 3352 347 3412 olivam
366 3370 419 3430 pro
435 3352 530 3413 lruotu
546 3372 635 3433 saepe
650 3355 728 3414 multi
747 3364 918 3434 posuerunt,
936 3377 1002 3421 nec
1016 3360 1095 3423 reiu-

86 3431 127 3506 git
144 3437 292 3511 quominus
310 3446 459 3515 utramque
474 3456 536 3497 rem
549 3449 673 3519 utroque
687 3439 802 3499 nomine
818 3437 961 3504 dixerint.
