2286 3862
439 207 544 256 muns
560 207 751 257 nucusrus.
1057 197 1097 258 69

97 383 154 425 non
169 363 299 440 libidine,
323 363 374 422 sed
389 364 500 423 ratione
519 365 687 441 commissa,
712 379 769 441 quo
785 362 897 422 facilius
914 362 1035 423 consilia
1050 364 1097 424 ad·

98 449 351 527 versariorumper
365 448 503 526 cuiusque
509 446 646 507 mulieres
660 447 838 525 exquireret.
854 447 893 507 ll.
902 446 1044 507 Antonius
1052 466 1094 507 su·

99 551 151 611 per
164 533 315 592 festinatas
327 530 426 590 Liviae
442 533 556 610 nuptias
572 530 680 591 obiecit
700 539 729 591 et
741 530 890 608 feminam
903 531 1097 593 consularem

97 635 113 676 e
132 616 265 677 triclinio
287 614 355 674 ciro
372 631 479 674 corum
497 615 530 675 in
547 614 718 676 cubiculum
734 613 918 693 obductum,
941 632 1053 676 rursus
1066 617 1099 676 in

72 699 269 763 sconoioium
288 695 470 757 retentione
491 697 641 760 auriculis
657 699 860 777 incomptiore
873 700 989 778 capillo
1005 700 1097 760 reda·

97 790 198 853 ctam;
222 783 382 842 dimissum
398 779 614 857 Scribonium,
634 780 709 860 quia
735 781 862 843 liberius
883 783 1034 845 doluisset
1052 784 1098 845 ni·

96 868 189 926 mium
201 866 370 943 polemium
382 865 493 943 pelicis
497 889 513 936 ,·
528 864 718 926 conditiones
733 867 957 947 ponunturper
970 867 1098 945 amicos,

98 951 151 1029 qui
170 955 286 1009 matres
303 949 445 1027 familior
460 956 491 1010 et
503 948 630 1009 adultos
644 953 746 1009 aetate
759 949 895 1028 oirpinec
909 952 1102 1013 denudarent

97 1041 188 1112 atque
198 1034 421 1111 perspicerent,
441 1039 598 1113 tamquam
610 1033 765 1095 Tloranio
778 1051 929 1112 manpone
942 1037 1099 1096 uendente.

60 1138 85 1176 m
97 1117 204 1177 Scribit
219 1119 303 1177 etiam
319 1117 354 1178 ad
369 1121 463 1195 ipsum
477 1117 560 1194 haec,
577 1117 758 1177 familiariter
773 1117 867 1178 adbuc
880 1117 1001 1178 necdum
1014 1118 1101 1199 plane

96 1202 224 1261 inimicus
244 1211 293 1261 aut
315 1201 423 1262 hostis:
445 1199 529 1274 Ouid
543 1207 571 1261 te
590 1201 733 1277 mutavit,
757 1200 842 1280 quod
855 1203 995 1281 rapinam
1009 1203 1101 1264 ineo?

96 1303 178 1346 naor
198 1303 267 1345 mea
288 1294 342 1346 eet.
370 1284 461 1346 Nunc
476 1285 579 1363 coepi,
603 1303 644 1345 an
660 1283 772 1346 abbiac
788 1303 888 1347 annos
902 1289 1033 1347 nocem?
1058 1285 1101 1347 Tu

98 1369 207 1429 deinde
231 1371 331 1429 solam
350 1368 523 1429 Drusillam
548 1369 633 1428 inis?
659 1370 704 1430 ita
723 1369 848 1445 oalear,
876 1371 923 1430 uti
944 1377 991 1448 tu,
1020 1370 1101 1430 buno

99 1453 262 1529 epistolam
275 1470 342 1512 cum
354 1452 445 1529 lepec,
461 1470 524 1512 non
538 1452 646 1511 inieris
660 1452 826 1512 Tertullam
841 1460 895 1512 ant
905 1453 1102 1513 Terentillam

64 1558 87 1595 n
100 1541 155 1595 ortt
164 1535 311 1612 Rufillam
323 1534 527 1595 outSaloiom
537 1533 713 1594 Titiseniam
729 1541 784 1594 aut
796 1553 910 1594 omnes.
934 1533 983 1595 An
992 1534 1099 1613 refert,

98 1619 152 1678 ubi
165 1625 195 1679 et
208 1621 239 1680 in
254 1637 316 1698 qua
332 1619 481 1698 arripac?

162 1702 258 1763 Caena
279 1721 394 1782 qnoque
418 1705 480 1762 eius
501 1703 644 1762 secretior
662 1703 691 1760 in
708 1702 813 1763 fabulis
829 1702 896 1778 fuit,
920 1721 993 1781 quae
1011 1704 1135 1783 vulget

98 1780 310 1859 obtenturos
331 1785 504 1856 vocabatur;
534 1785 563 1844 in
585 1804 641 1863 qua
665 1785 785 1846 deorum
805 1787 981 1865 dearumque
1003 1787 1100 1849 babitu

98 1870 279 1931 discubuisse
300 1872 437 1932 convivas
464 1879 493 1930 et
519 1872 613 1948 ipsum
638 1889 690 1949 pro
712 1871 849 1950 Apolline
872 1880 1016 1950 ornatum,
1043 1890 1100 1933 non

61 1981 87 2020 20
99 1954 206 2014 Antoni
221 1955 307 2015 modo
325 1955 468 2035 epistolae
482 1953 660 2031 singulorum
670 1956 784 2015 nomina
796 1956 971 2015 amarissime
985 1975 1099 2018 enume-

98 2041 188 2097 rantis
204 2039 396 2118 exprobrant,
415 2039 467 2099 sed
485 2049 514 2099 et
529 2039 591 2097 sine
607 2047 727 2098 auctore
742 2040 881 2099 notissimi
896 2058 1014 2101 versus:

215 2128 281 2183 Cum
290 2129 417 2198 primum
432 2129 545 2182 ustorum
560 2128 694 2182 conduxit
706 2143 801 2182 mensa
817 2128 981 2200 cbornpum,
1011 2128 1014 2132 ⁴

254 2211 366 2282 Sexque
382 2211 447 2266 deos
461 2211 526 2266 uidit
538 2209 637 2265 Mollia
650 2226 755 2284 seuque
769 2213 851 2274 deam

211 2293 302 2366 Impia
319 2295 383 2350 dum
396 2295 502 2350 Pboebi
516 2295 620 2350 Caesar
633 2295 776 2350 mendacio
790 2295 872 2359 ludit,

61 2406 88 2445 25
261 2379 335 2434 Dum
350 2396 421 2435 nouo
436 2379 560 2434 divorum
575 2386 674 2433 coenat
687 2380 838 2435 adulterio:

212 2462 309 2519 Omnia
321 2477 352 2518 se
367 2480 385 2517 o
401 2464 483 2517 terris
497 2468 562 2518 tuno
576 2465 689 2518 numina
704 2463 890 2532 declinarunt,

262 2547 345 2618 Fupit
359 2555 385 2602 et
399 2552 513 2602 auratos
529 2545 657 2617 Iuppiter
671 2549 731 2618 ipm
746 2548 867 2604 thronos.

97 2627 186 2687 Auxit
215 2644 322 2686 caenae
346 2643 490 2687 rumorem
516 2644 623 2686 summa
642 2634 711 2686 tuuc
731 2629 759 2686 in
781 2629 896 2689 civitate
919 2631 1038 2707 penuria
1063 2649 1098 2691 ao

97 2712 203 2788 lames,
222 2710 469 2790 adclamatumque
484 2718 529 2769 est
544 2710 695 2788 postridie,
721 2730 808 2773 omne
821 2711 1007 2789 frumentum
1022 2714 1098 2776 deos

62 2820 86 2859 so
97 2794 266 2856 comedisse
287 2802 317 2854 et
331 2792 499 2855 Gaesarem
513 2811 581 2854 ecce
592 2794 687 2873 plone
701 2793 889 2874 Apollinem,
912 2798 970 2858 eorl
989 2797 1095 2861 Torto-

96 2897 179 2938 rem:
203 2896 259 2957 quo
283 2881 456 2956 cognomine
471 2880 495 2938 is
514 2877 584 2938 deus
606 2880 727 2957 quadam
742 2883 770 2940 in
787 2891 871 2960 parte
885 2881 964 2942 urbis
981 2883 1096 2943 coleba-

97 2971 151 3022 tur.
180 2962 301 3023 Notatus
318 2972 363 3023 est
377 2973 406 3023 et
419 2973 449 3023 ut
462 2965 611 3043 pretiosae
622 2964 815 3043 supellectilis
826 2964 1096 3043 Corinthiorumque

96 3046 301 3126 praecupidus,
319 3056 348 3106 et
363 3049 445 3109 aleae
460 3047 622 3125 indulgens.
652 3048 725 3108 Nam
740 3058 770 3109 et
785 3051 1009 3130 proscriptionis
1027 3059 1096 3108 tem-

95 3149 168 3211 pore
183 3131 218 3192 ad
233 3140 352 3194 statuam
368 3134 429 3192 eius
447 3134 602 3212 ascriptum
618 3142 680 3193 est:

59 3227 86 3267 ³⁵
306 3222 392 3278 Pater
407 3224 596 3293 orpmtoriuc,
611 3237 659 3292 epo
675 3222 887 3291 Corinthiarius,

96 3319 159 3361 cnm
173 3303 385 3362 existimaretur
401 3301 539 3381 quosdam
554 3310 677 3380 propter
691 3321 760 3362 vasa
776 3300 925 3362 Corinthia
939 3301 1013 3358 inter
1029 3317 1094 3378 pro-

96 3389 221 3464 scriptos
246 3402 363 3446 curasse
384 3385 571 3454 referendos;
595 3394 624 3444 et
644 3385 747 3446 deinde
768 3385 848 3445 bello
866 3383 1011 3443 Siciliensi
1034 3385 1095 3463 epi-

95 3487 222 3546 gramma
236 3470 382 3547 vulgatum
397 3478 458 3530 est:
