2286 3862
382 225 487 274 mnus
511 200 704 275 accusans.
1002 219 1042 281 83

34 410 128 475 parc,
156 386 297 450 libertate
318 387 411 462 atque
427 380 564 471 fortunis
578 399 638 459 per
659 380 744 443 iilum
754 382 831 462 frui.
865 386 976 461 Quare
995 384 1042 445 ad·

36 477 148 538 modum
163 468 348 545 exhilaratus,
367 467 569 546 quadragenos
584 483 688 525 aureos
705 467 855 530 comitibus
873 470 968 529 divisit
986 472 1042 530 ius·

37 581 93 643 que
112 553 259 618 iurandirm
273 560 303 611 et
316 553 478 612 cautionem
494 550 594 628 exegit
609 567 625 609 a
641 550 777 629 siugulis,
799 570 858 614 uon
875 553 933 615 alio
949 554 1044 614 datam

34 662 171 707 summam
198 656 283 721 quam
310 637 338 696 in
361 637 535 715 emptionem
555 633 815 696 Alexandrinarum
836 640 974 698 mercium
996 639 1043 699 ab·

10 738 211 809 asumpturos.
247 720 307 783 Sed
327 729 357 780 et
378 729 496 781 ceteros
520 720 670 779 continuos
686 718 747 779 dies
763 722 837 780 inter
853 724 932 781 varia
946 741 1043 783 munu·

35 815 118 875 scula
143 821 230 887 togas
250 807 368 884 insuper
391 823 425 865 ac
449 804 546 885 pallea
567 802 725 881 distribuit,
752 803 820 883 lege
842 808 994 884 proposita
1014 815 1045 866 ut

35 897 159 961 Romani
182 892 310 970 Graeco,
333 889 439 952 Graeci
452 889 583 951 Romano
606 887 705 948 habitu
728 898 757 948 et
779 908 913 950 sermone
929 899 1043 950 uteren-

35 993 90 1043 tur.
129 977 280 1060 Spectavit
298 975 413 1035 assidue
433 982 608 1034 exercentes
629 973 777 1052 ephebos,
807 992 925 1053 quorum
950 973 1045 1054 aliqua

35 1066 127 1128 adhuc
141 1062 228 1142 copia
238 1078 276 1120 ex
287 1068 389 1119 vetere
401 1060 530 1119 instituto
543 1056 667 1138 Capreis
679 1067 755 1128 erat;
771 1057 864 1119 isdem
877 1061 962 1119 etiam
974 1077 1043 1139 epu-

10 1151 91 1211 ⁰lum
111 1150 139 1209 iu
161 1153 321 1224 conspectu
344 1162 396 1204 suo
420 1142 571 1222 praebuit,
591 1145 746 1222 permissa,
770 1146 855 1204 immo
878 1153 982 1203 exacta
1002 1144 1044 1203 io·

35 1233 119 1296 candi
131 1232 249 1293 licentia
261 1227 473 1308 diripiendique
487 1245 637 1307 pomorum
650 1237 678 1287 et
691 1227 877 1289 obsoniorum
888 1245 1044 1305 rerumque

33 1316 189 1379 *missilia
220 1312 307 1373 Nullo
324 1312 448 1392 denique
464 1330 575 1390 genere
591 1312 743 1373 hilaritatis
760 1312 905 1373 abstinuit.

97 1402 230 1462 Vicinam
244 1395 367 1475 Capreis
385 1396 507 1457 insulam
522 1396 738 1475 Apragopolim
754 1397 939 1477 appellabat,
962 1416 977 1457 a
994 1397 1042 1456 de·

37 1486 109 1548 sidia
125 1481 321 1545 secedentium
335 1480 404 1541 illuc
420 1498 436 1540 e
452 1481 587 1541 comitatu
604 1498 667 1540 suo.
697 1481 755 1541 Sed
772 1500 809 1541 ex
820 1483 935 1542 dilectis
947 1500 1042 1558 uuum,

13 1568 197 1649 ablasgaban
212 1566 344 1642 nomine,
361 1565 443 1643 quasi
461 1565 639 1626 conditorem
656 1565 766 1627 insulae
782 1555 919 1647 κοιστὴν
935 1584 1042 1632 vocare

36 1661 200 1717 consuerat.
237 1650 327 1710 Huius
348 1649 508 1727 Masgabae
533 1658 598 1717 ante
624 1668 725 1710 annum
754 1650 881 1712 defuncti
907 1652 1042 1711 tumulum

35 1756 97 1800 cum
122 1757 138 1798 e
160 1735 285 1796 triclinio
308 1734 559 1795 animadvertisset
574 1752 679 1813 magna
695 1735 778 1796 turba
792 1736 947 1816 multisque
962 1736 1042 1795 lumi·

34 1822 116 1883 nibus
139 1820 325 1900 frequentari,
339 1837 455 1879 versum
471 1820 660 1898 compositum
677 1839 715 1880 ex
731 1829 864 1900 tempore
880 1821 959 1882 clare
975 1838 1041 1900 pro·

33 1906 188 1968 nuntiavit:

10 2008 23 2049 o
215 1989 342 2048 Κτιστοῦ
359 1983 391 2048 δὲ
403 1982 518 2067 τύμβον
533 1987 638 2068 εἰσορῶ
652 1983 857 2068 πυρούμενον·

34 2091 254 2153 conversusque
278 2072 314 2132 ad
335 2071 506 2148 Thrasylum
531 2072 628 2133 Tiberi
657 2075 806 2152 comitem,
834 2085 935 2135 contra
956 2094 1040 2136 accu-

33 2158 151 2220 bantem
166 2166 195 2218 et
209 2159 339 2235 ignarum
353 2155 412 2234 rei,
434 2157 625 2235 interrogavit
640 2160 785 2219 cuiusnam
803 2169 908 2236 poetae
927 2169 1042 2238 putaret

35 2260 116 2314 csse;
135 2260 191 2321 quo
207 2239 383 2316 haesitante,
400 2239 523 2310 subiecit
537 2241 637 2302 alium:

238 2316 327 2408 Ὁρᾷς
343 2317 448 2400 paitcos
466 2320 638 2405 Μοισγὰβοιν
654 2321 834 2404 τιμώμενον;

10 2431 70 2474 ¹sac
94 2413 130 2472 de
150 2409 207 2471 hoc
229 2426 345 2490 quoque
367 2408 518 2470 consuluit.
548 2409 619 2471 Cum
636 2411 686 2471 ille
702 2411 771 2470 nihil
787 2409 864 2471 aliud
879 2408 1038 2488 responde-

34 2506 80 2556 ret
100 2514 195 2576 quam,
212 2495 414 2572 cuiuscumque
431 2503 530 2554 essent
546 2497 671 2574 optimos
686 2514 769 2572 esse,
794 2495 962 2555 cachinnum
978 2513 1038 2554 sus·

34 2580 96 2641 tulit
123 2588 208 2659 atquo
234 2578 263 2637 in
289 2579 372 2638 iocos
405 2577 513 2638 ebusus
542 2589 595 2639 est.
633 2580 703 2640 lllox
731 2579 885 2660 Neapolim
914 2582 1038 2657 traiecit,

34 2681 194 2744 quanquam
209 2664 294 2723 etiam
314 2672 372 2722 tum
383 2663 500 2723 infirmis
512 2664 656 2724 intestinis
669 2666 770 2726 morbo
783 2666 927 2734 variante;
946 2675 1040 2725 tamen

34 2759 62 2808 et
89 2747 302 2827 quinquennale
325 2756 472 2808 certamen
493 2750 657 2826 gymnicum
678 2747 784 2811 honori
810 2768 861 2811 suo
884 2751 1039 2810 institutum

12 2832 234 2911 operspectatit
255 2839 285 2891 et
305 2848 367 2891 cum
382 2831 500 2892 Tiberio
524 2833 559 2893 ad
577 2832 749 2895 destinatum
769 2835 864 2895 locum
881 2834 1037 2896 contendit.

34 2915 92 2975 Sed
113 2917 143 2975 in
164 2913 310 2976 redeundo
329 2915 487 2994 adgravata
504 2917 679 2996 valitudine,
700 2918 814 2979 tandem
827 2920 921 2980 Nolae
937 2939 1038 2979 succu-

31 2999 93 3060 buit
111 3007 336 3080 revocatamque
355 3019 392 3060 cx
412 3002 515 3062 itinere
530 3001 676 3062 Tiberium
697 3001 743 3062 diu
765 3014 881 3065 secreto
904 3021 1038 3064 sermone

32 3084 163 3160 detinuit,
178 3101 274 3164 neque
290 3092 357 3165 post
372 3085 422 3147 ulli
437 3088 539 3146 maiori
554 3088 674 3164 negotio
691 3088 812 3148 animum
827 3086 1037 3149 accomodavit.

96 3169 238 3248 Supremo
257 3167 303 3229 die
319 3167 474 3231 identidem
492 3172 665 3250 exquirens,
682 3191 717 3233 an
731 3174 786 3233 iam
804 3173 839 3233 de
856 3191 889 3232 se
904 3170 1080 3245 tumultusqq

10 3253 103 3314 eloris
127 3262 224 3329 esset,
245 3254 337 3332 petito
361 3256 500 3334 speculo,
523 3255 657 3334 capillum
678 3257 732 3317 sibi
748 3258 824 3319 comi
841 3275 875 3316 ac
891 3254 982 3314 malas
998 3255 1037 3314 la·

31 3337 132 3398 bantes
153 3338 262 3415 corrigi
289 3341 456 3420 praecepit,
484 3350 513 3400 et
536 3341 676 3402 admissos
701 3345 810 3404 amicos
838 3347 1036 3419 percontatus,

30 3421 140 3501 ecquid
163 3421 205 3482 iis
230 3420 387 3484 videretur
408 3424 530 3486 mimum
549 3426 633 3487 oitoe
655 3426 811 3490 commode
833 3424 1034 3505 troasept‘sse,

30 3505 134 3569 adiecit
151 3514 181 3567 et
195 3505 368 3568 clausulam:
788 3593 829 3652 6*
