2334 3870
487 260 494 267 .
520 222 691 272 arnustus.
1068 211 1108 274 93

104 396 177 456 ergo
191 377 262 440 (laio
276 385 434 438 revocatus
446 387 502 456 est,
515 397 620 439 ,verum
634 378 687 440 sub
705 377 871 439 conditione
886 397 923 440 ne
940 396 1025 460 quarn
1040 396 1106 459 par·

103 471 160 522 tem
178 480 312 523 curamue
326 463 371 521 rei
389 480 417 540 p.
434 464 598 541 attingeret.
739 466 756 491 Α
777 472 782 479 “

162 544 259 609 Rediit
274 554 379 606 octavo
394 555 463 624 post
477 565 624 608 secessum
640 565 910 626 summaquense
925 550 1036 608 incerta
1051 565 1103 627 spe
1113 561 1148 615 14

99 631 275 707 futurorum,
291 647 375 708 quam
392 637 421 689 et
435 632 556 691 ostentis
573 640 602 690 et
616 630 861 710 praedictionibus
877 630 913 692 ab
928 631 1010 692 initio
1027 640 1103 693 aeta·

73 737 87 777 s
99 716 137 776 tis
153 722 342 794 conceperat.

161 798 332 882 *Praegnans
346 798 421 858 enim
433 798 514 859 Liria
530 816 603 874 cunr,
616 816 651 857 an
666 816 772 858 marem
784 800 891 861 edituru
907 808 998 878 esset,
1015 798 1104 860 variis

102 886 234 962 captaret
249 881 404 961 ominibus,
424 900 510 944 ovum
528 881 673 942 incubanti
693 881 818 958 gallinae
837 884 1007 944 subductum
1027 900 1105 943 nunc

101 986 152 1028 sua
168 984 243 1025 nunc
258 966 447 1028 ministrarum
461 984 546 1026 manu
561 985 617 1046 per
632 967 715 1026 vices
729 983 822 1045 usquc
837 966 918 1043 invit,
934 967 1027 1046 quoad
1041 965 1105 1046 pul·

98 1050 143 1112 lus
162 1051 313 1128 insigniter
336 1053 470 1113 cristatus
490 1051 628 1112 exclusus
648 1059 702 1110 est.
747 1051 793 1110 Ac
810 1049 846 1110 de
864 1050 971 1110 infante
984 1050 1104 1111 Scribo·

61 1136 160 1196 nonius
187 1134 402 1197 mathematicus
427 1135 581 1216 praeclara
606 1135 778 1216 spopondit,
812 1136 897 1195 etiam
920 1142 1105 1212 regnaturum

97 1219 278 1299 quandoque,
295 1219 347 1279 sed
362 1221 422 1280 sine
435 1222 520 1297 regio
537 1220 661 1298 insigni,
677 1221 777 1298 ignota
795 1219 911 1280 scilicet
926 1228 994 1281 tunc
1009 1217 1103 1280 adbuc

97 1303 257 1364 Caesarum
280 1311 437 1380 potestate.
481 1303 519 1362 m
539 1306 674 1380 ingresso
698 1307 816 1383 primam
837 1303 1053 1384 expeditionem
1069 1321 1104 1363 ac

97 1405 152 1466 per
165 1384 365 1445 Macedoniam
379 1384 502 1444 ducente
519 1388 677 1444 exercitum
687 1388 716 1444 in
728 1390 850 1464 Syrium,
863 1389 969 1449 accidit
979 1399 1010 1449 ιιι
1025 1386 1101 1466 apud

99 1469 251 1547 Philippos
268 1475 399 1526 sacratae
413 1466 481 1527 olim
495 1467 656 1525 victricium
668 1467 815 1542 legionum
824 1488 892 1528 arae
907 1481 1013 1548 sponte
1028 1470 1104 1527 subi·

64 1553 137 1613 1stis
154 1551 342 1612 conlucerent
358 1548 488 1628 ignibus3
512 1557 541 1608 et
556 1565 638 1626 mon,
664 1567 726 1607 cum
740 1550 886 1624 Illyricum
903 1560 1008 1629 petens
1024 1552 1102 1612 iuxta

99 1637 247 1699 Patavium
266 1634 374 1695 adisset
385 1633 528 1709 Geryonis
543 1632 702 1711 oraculum,
719 1642 798 1694 sorte
809 1642 918 1711 tracta,
936 1653 992 1712 qua
1007 1652 1103 1695 moue·

97 1721 182 1782 batur
197 1728 227 1780 ut
242 1718 278 1780 de
295 1718 552 1780 consultationibus
570 1719 597 1778 iu
612 1717 711 1798 Aponi
726 1718 836 1780 iontem
850 1718 927 1778 talos
943 1736 1049 1779 aureos
1064 1720 1103 1779 ia-

99 1814 192 1883 ceret,
213 1805 310 1865 evenit
330 1814 360 1865 ut
379 1822 516 1865 summum
535 1821 683 1867 numerum
700 1805 766 1864 iaoti
788 1802 878 1864 abeo
897 1802 1101 1874 ostenderent;

97 1888 244 1969 hodieque
261 1888 313 1950 sub
328 1907 402 1969 aqua
418 1891 547 1950 visuntur
564 1888 593 1948 hi
610 1888 669 1948 tali.
715 1887 792 1948 Ante
808 1906 918 1967 paucos
933 1906 1004 1949 vero
1021 1906 1104 1967 quam

61 1993 90 2034 ao
99 1982 290 2035 revocaretur
307 1972 368 2033 dies
383 1974 488 2053 aquila,
512 1989 664 2053 numquam
678 1982 762 2033 antea
776 1970 873 2033 Rhodi
888 1981 1059 2054 conspecta,
1075 1975 1102 2032 iu

99 2059 223 2119 culmine
239 2057 341 2117 domus
358 2059 419 2117 eius
435 2056 557 2127 assedit;
579 2065 609 2116 et
625 2056 716 2137 pridie
733 2074 816 2137 quam
831 2057 867 2117 de
882 2057 975 2119 reditu
992 2059 1102 2118 certior

97 2145 196 2220 lieret,
212 2144 383 2201 vestimenta
400 2141 517 2201 mutanti
532 2142 627 2201 tunica
644 2141 747 2201 ardere
762 2143 824 2201 visa
839 2151 894 2201 est.
918 2141 1100 2218 Thrasyllum
1121 2200 1134 2225 ,ἲ

97 2243 214 2308 quoque
230 2226 476 2301 mathematicum,
492 2242 576 2304 quem
594 2234 624 2283 ut
640 2226 800 2304 sapientiae
814 2226 1016 2307 professorem
1033 2244 1100 2286 cnu-
1118 2246 1121 2251 ·

97 2311 230 2372 tubernio
249 2310 433 2388 admoverat,
454 2317 512 2369 tum
526 2310 648 2368 maxime
665 2319 803 2388 expertus
819 2318 880 2387 est,
904 2309 1101 2386 affirmantem,

60 2413 171 2458 sanare
193 2394 312 2475 provisa
332 2394 464 2473 gaudium
486 2394 598 2463 allerri;
623 2411 686 2452 cum
707 2393 821 2472 quidem
838 2394 934 2471 illum,
958 2393 1055 2453 durius
1073 2402 1102 2453 et

99 2488 200 2543 contra
223 2479 371 2559 praedicta
392 2478 560 2539 cadentibus
581 2477 685 2556 rebus,
711 2486 740 2537 ut
757 2478 861 2539 laisum
876 2487 905 2538 et
921 2486 1102 2539 secretorum

96 2574 207 2626 temere
224 2565 380 2642 conscium,
397 2582 433 2624 eo
449 2566 514 2642 ipso
529 2570 685 2641 momento,
702 2561 767 2622 dum
782 2564 923 2642 spatiatur
933 2581 998 2642 una,
1014 2581 1098 2643 prae-

99 2650 220 2729 cipitare
234 2650 263 2708 in
277 2667 356 2709 mare
371 2648 553 2710 destinasset.

156 2733 275 2795 Romam
289 2752 441 2811 reversus,
460 2730 586 2793 deducto
601 2734 630 2791 in
649 2732 742 2792 lorum
758 2732 817 2793 lilio
836 2731 948 2809 Druso,
970 2732 1065 2791 statim
1080 2749 1096 2790 e
1110 2744 1142 2797 15

61 2825 89 2868 ³⁰
102 2817 212 2880 Carinis
235 2836 270 2879 ac
284 2818 459 2898 Pompeiana
482 2817 566 2877 domo
581 2815 728 2896 Esquilias
744 2819 773 2876 in
791 2816 893 2878 hortos
907 2816 1099 2877 blaecenatia·

98 2921 152 2964 nos
174 2904 387 2981 transmigrarit
406 2911 554 2980 totumque
576 2919 609 2960 se
631 2900 667 2961 ad
688 2904 814 2981 quietern
830 2900 964 2978 contulit,
988 2901 1101 2978 privata

97 2985 184 3048 modo
201 2987 299 3048 oilicia
316 2986 419 3047 obiens
435 3004 470 3046 ac
483 2985 664 3065 publicorum
679 2981 827 3054 mbnerum
842 3004 960 3066 expers.

161 3070 231 3132 Gaio
254 3081 284 3131 et
304 3069 393 3130 Lucio
416 3073 489 3131 intra
509 3071 661 3131 triennium
688 3068 705 3130 d
724 3070 848 3148 iunctis,
880 3071 1035 3150 adoptatur
1063 3067 1098 3128 ab

97 3155 231 3235 Augusto
255 3154 338 3216 simul
357 3174 420 3216 curn
435 3156 525 3215 fratre
540 3172 640 3215 eorum
655 3088 859 3237 blfllgrippa,
883 3162 1003 3216 coactus
1019 3153 1099 3235 prius

61 3241 162 3321 ttipse
178 3239 376 3301 Germanicum
396 3240 494 3301 iratris
514 3241 556 3300 sui
579 3239 666 3300 lilium
688 3239 836 3320 adoptare.
869 3239 933 3300 Nec
949 3239 1099 3318 quicquam

98 3333 202 3406 postea
224 3344 278 3404 pro
304 3335 387 3405 patre
414 3324 537 3385 familias
558 3325 619 3403 egit
639 3332 685 3385 aut
705 3327 766 3403 ius,
785 3324 863 3406 quod
884 3325 1034 3401 amiserat,
1062 3342 1100 3383 ex

97 3409 157 3471 ulla
173 3419 256 3488 parte
271 3413 395 3472 retinuit.
426 3409 499 3470 Nam
513 3427 609 3488 neque
625 3409 742 3471 donavit
757 3427 853 3488 neque
867 3410 1042 3486 manumisit,
1061 3426 1098 3467 ne

98 3493 288 3555 hereditatem
309 3494 423 3576 quidem
446 3502 493 3557 aut
514 3494 611 3572 legata
634 3495 768 3574 percepit
787 3493 846 3556 ulla
868 3495 952 3555 alite·
969 3511 1051 3560 ouon
1078 3501 1098 3532 ι*

721 3217 734 3232 ἠ
