2334 3870
421 196 631 245 PRAEFATIO.
828 195 977 245 LXXXVII

65 354 156 432 70777).
202 357 326 413 Omnium
347 358 466 428 optimus
495 364 523 413 et
549 374 584 413 ex
609 356 802 427 antiquissimo
828 355 970 413 derivatus
1013 409 1016 415 .

67 448 109 496 cst
124 443 196 498 liber
213 439 447 511 001000070370,
466 441 512 512 007
528 457 593 497 raro
615 440 787 512 reliquorum
805 457 860 511 ope
876 456 969 495 emen-

66 526 125 580 dari
149 532 258 598 potest,
285 525 417 580 nonnulla
441 524 517 580 solus
542 532 618 580 recte
647 520 824 600 0011017777).
870 524 915 578 Ad
942 523 968 583 td

65 611 220 681 exemplum
247 610 302 663 duo
326 607 460 663 librorum
486 626 589 678 genere
615 609 683 665 satis
708 610 780 664 inter
805 625 837 664 se
858 608 969 662 diversa

64 700 91 746 ct
108 694 181 746 lluxa
203 693 257 747 fide
279 692 395 745 alterum
411 693 500 746 altero
516 693 614 746 melius
630 693 708 762 quasi
726 693 843 749 alternis
859 690 969 747 vicibus

65 777 204 830 accedere
225 775 325 828 solent.
369 775 466 830 Priore
488 775 666 830 Cussellunus
685 775 836 832 Wittianus
860 773 971 830 Beroli-

67 857 161 912 nensis
181 874 241 913 cum
258 856 380 914 editione
400 859 528 930 principe
549 857 716 927 continetur,
730 860 847 914 alterum
862 859 970 914 llonte-

66 942 231 1010 pcssnlanus
254 947 283 995 et
303 941 444 997 Parisinus
461 947 530 1001 7502
551 941 719 1011 longiusque
741 942 816 996 baud
838 959 902 998 1010
921 943 970 999 071-

65 1029 190 1078 errantes
204 1024 346 1080 Parisinus
357 1031 426 1085 8039
439 1033 467 1080 07
480 1026 630 1081 Bernensis
644 1031 677 1083 45
694 1041 755 1080 oum
769 1025 881 1080 canteri
896 1025 971 1080 libro

63 1107 242 1162 constituunt.
289 1108 355 1163 Cum
382 1109 480 1180 priore
507 1109 594 1180 igitur
622 1125 728 1179 genere
749 1107 900 1165 Bernensis
923 1107 972 1164 ille

64 1194 115 1247 370
130 1191 163 1245 00
182 1191 264 1247 707770
282 1193 468 1248 additamento
484 1193 622 1249 nominum
639 1193 711 1248 liber
730 1200 782 1264 est,
797 1210 858 1248 cum
874 1199 972 1265 poste-

64 1274 141 1328 riore
156 1276 260 1330 nullum
278 1278 442 1332 vocabulum
459 1279 614 1334 desiderari
629 1295 730 1350 passus
747 1285 791 1334 est
806 1295 833 1349 p.
850 1282 911 1347 299,
929 1281 972 1334 20.

63 1363 108 1413 21.
130 1363 173 1416 36.
221 1360 338 1428 Singula
355 1361 489 1415 notabilia
505 1363 575 1416 0000
591 1363 651 1416 7010
667 1369 743 1417 sunt:

129 1446 197 1507 299,
220 1444 253 1497 15
275 1457 292 1493 a
315 1442 655 1510 Baumgarten-Crusins,
678 1462 696 1506 a
717 1447 765 1500 Cn.
790 1445 898 1499 Weber
918 1462 971 1515 pro

65 1540 127 1577 cram
146 1517 152 1600 Ι
171 1540 232 1578 cnm
256 1523 384 1595 Pompeio
406 1541 424 1577 a
443 1524 562 1579 Caesare
582 1525 694 1580 Grotius
714 1519 718 1600 7
737 1531 772 1581 24
791 1527 923 1578 recitante
942 1540 973 1580 se

65 1607 201 1676 00170100
218 1624 270 1679 pro
288 1611 428 1676 recitante,
449 1611 602 1677 recitantes,
626 1610 784 1663 recitantem
803 1599 808 1683 Ι
827 1613 861 1664 25
881 1621 973 1661 reces-

62 1694 132 1745 sisse
156 1692 228 1746 Rern
240 1697 301 1751 370.
347 1695 460 1748 recessit
481 1692 621 1753 Pur8039·
665 1692 805 1748 Neronem
827 1692 974 1746 recessisse

64 1775 210 1831 Canterns.
254 1792 316 1831 cam
339 1780 496 1833 recessisset
520 1777 698 1833 Omnibonus.
745 1776 904 1831 recessisset
925 1792 972 1832 re-

63 1858 132 1928 liqui
152 1851 157 1937 Ι
177 1865 211 1920 26
222 1861 340 1931 posthac
354 1862 481 1921 7017502
500 1855 506 1940 Ι
524 1864 669 1922 2801117000
684 1861 753 1916 Edd.
773 1856 868 1933 (10070.
888 1858 972 1915 Simi-

64 1943 128 1996 liter
146 1945 224 1998 alans
239 1945 310 1998 deici
332 1953 359 2000 07
381 1947 547 2001 descendere
562 1946 680 2016 dicitur,
700 1944 764 2016 eqni
782 1949 902 1999 uentrem
920 1943 969 2015 fa·

62 2023 143 2098 cere)
175 2019 180 2104 Ι
206 2033 240 2085 33
261 2031 363 2083 maltns
390 2031 559 2086 Omnibonus
585 2046 637 2101 pro
664 2032 754 2084 maltis
780 2022 785 2104 7
814 2035 848 2089 36
867 2043 970 2100 parem

63 2108 193 2162 omittunt
210 2126 305 2166 omnes
323 2119 435 2182 praeter
450 2115 590 2173 Bern370.
618 2114 739 2185 llontep.
758 2114 893 2173 rarrson.

52 2259 60 2265 -
132 2223 179 2285 81)
208 2224 245 2274 770
269 2224 439 2274 Bernensibus
469 2240 510 2276 no.
529 2228 564 2274 45
590 2225 764 2278 0737007710
786 2226 969 2291 Bongarsianis

59 2310 131 2343 0000.
148 2292 182 2342 X.
203 2294 303 2358 scriptis
320 2292 447 2357 copiosius
464 2295 568 2359 exponit
585 2293 675 2344 Sinner
686 2311 711 2360 p.
726 2293 785 2345 507.
799 2294 858 2344 510.
895 2295 969 2345 Eius·

62 2365 120 2412 17010
139 2363 229 2411 aetatis
246 2363 363 2411 dicuntur
380 2377 436 2413 esse
454 2363 563 2412 Parisini
584 2363 666 2429 Regii,
676 2363 746 2412 'alter
762 2378 803 2412 no.
823 2361 890 2412 7502
911 2363 971 2411 olim

61 2431 232 2490 Colbertinus,
251 2431 314 2480 alter
335 2429 479 2481 8030077111
497 2430 604 2481 Thuani.
641 2431 701 2481 Illos
719 2447 775 2481 mea
793 2431 877 2497 gratia
894 2431 920 2480 G.
940 2429 969 2478 L.

61 2502 103 2550 de
120 2498 274 2564 Steiger,
292 2499 339 2550 hos
357 2501 417 2551 lac.
431 2501 608 2550 Hunziker
625 2501 791 2563 contulerant,
808 2515 863 2550 cum
881 2509 971 2565 postea

62 2568 167 2618 eosdem
196 2570 222 2617 in
243 2569 380 2634 scriptione
398 2570 541 2627 academica
562 2569 645 2619 Caroli
669 2570 709 2619 m.
726 2569 822 2620 Weber
839 2568 969 2634 Marburgi

61 2655 85 2690 a.
107 2635 176 2686 1056
200 2637 267 2686 017770
291 2647 343 2686 tam
369 2636 505 2704 diligenter
529 2639 633 2689 collatos
654 2640 755 2704 reperi,
779 2647 807 2688 nt
832 2637 968 2688 admodum

61 2721 143 2771 pauca
161 2705 224 2755 mibi
239 2706 326 2755 relicta
344 2707 394 2757 sint
414 2708 453 2756 vel
471 2708 588 2757 addenda
606 2709 645 2756 vel
670 2708 836 2756 emendanda.
864 2733 897 2743 -
932 2707 968 2755 De

61 2775 284 2840 llontepessulano
304 2789 345 2828 no.
365 2775 428 2837 113,
449 2778 508 2826 07710
531 2776 634 2826 Buherii
648 2777 825 2839 Divionensis,
851 2791 917 2826 0000.
932 2773 968 2824 7Χ

61 2854 171 2892 exeunte
186 2844 279 2908 scripto
296 2844 341 2893 071.
357 2843 494 2910 Catalogue
512 2845 616 2911 general
631 2846 676 2896 des
692 2845 845 2895 manuscrits
860 2845 906 2895 des
922 2844 967 2894 dd·

62 2919 218 2975 partements
235 2913 249 2961 1
268 2929 293 2978 p.
319 2912 378 2963 325.
415 2915 537 2965 Collatum
553 2913 642 2964 habuit
660 2914 853 2978 Ondendorpius
872 2928 887 2962 0
903 2913 967 2964 7701-

60 2979 141 3029 rillio.
163 3006 195 3014 —
214 2980 376 3032 Caesellauus
396 2983 459 3032 libr-r
482 2998 548 3034 saec.
568 2981 623 3032 XlL
645 2991 669 3032 et
682 2983 854 3033 Beroliuensis
870 2997 912 3032 no.
933 2980 968 3034 35

58 3062 128 3098 seeo.
148 3045 219 3102 XIV.
239 3049 308 3113 apud
325 3049 462 3101 Webeanm
477 3052 561 3102 collati
577 3052 745 3117 reperiuntur.
765 3078 798 3087 -
815 3049 968 3117 Dependitus

57 3116 228 3166 essculdetnr
246 3117 327 3167 codex
342 3133 407 3168 saec.
420 3119 454 3173 X.
470 3122 501 3171 ab
515 3119 692 3186 Oudendorpio
711 3133 761 3170 uon
780 3121 842 3170 setis
857 3120 967 3186 diligen·

59 3194 99 3234 ter
119 3186 240 3247 collatus,
261 3202 334 3251 quem
354 3187 414 3237 olim
434 3189 549 3240 Sixtinns
566 3197 590 3238 07
608 3189 707 3248 sixtus,
726 3203 750 3241 a.
772 3190 838 3240 1727
858 3189 968 3238 loannes

56 3253 92 3304 de
110 3253 175 3304 Witt
192 3256 338 3321 possidebat
356 3266 458 3308 senator
474 3258 726 3308 Amstelodamensis.

128 3322 176 3386 82)
194 3323 258 3374 Male
273 3341 297 3391 p
312 3324 380 3387 200,
399 3326 432 3380 37
450 3336 483 3388 07,
500 3344 527 3393 p.
546 3325 612 3388 300,
631 3326 865 3380 60000000107077
885 3325 965 3388 selue,

59 3407 83 3454 p.
98 3390 158 3451 290,
176 3391 210 3443 34
221 3396 395 3455 praedicenda
409 3395 484 3447 habet
500 3411 557 3447 cum
574 3396 710 3462 plerisque.
735 3397 805 3447 ldem
817 3396 967 3447 0070010070

55 3474 84 3522 p.
98 3460 157 3521 200,
170 3462 203 3512 25
217 3467 361 3528 recessisse,
374 3481 400 3532 p.
412 3463 471 3528 000,
487 3465 632 3519 3070010077
643 3465 761 3516 ostendit.
