2286 3862
190 119 263 168 XCII
532 117 740 165 PRAEFATIO.

38 273 187 367 mm*
260 273 1116 335 Adloeaablsidoroexl’ratosivelibrisPratorun

199 362 351 432 Tranquilli
374 366 506 431 excerpta
529 363 675 431 egregium
692 378 779 432 nuper
805 359 960 416 subsidium
990 364 1115 418 accessit

199 446 326 503 sollertia
348 445 498 499 Gustavi
523 445 664 500 Becker
685 446 870 513 Litbecensis‚
892 444 938 499 cui
963 443 1066 500 libelli
1082 447 1114 502 de

197 532 298 587 Natura
315 545 406 583 rerum
427 528 544 583 debetur
559 530 646 583 editio
669 545 723 584 non
743 530 825 584 modo
847 528 874 583 in
893 528 997 582 verbis
1021 545 1113 584 eman-

198 616 289 672 datior
306 629 384 683 quam
400 612 568 668 Arevaliana
584 613 651 682 luit,
678 613 771 669 sedin
790 610 1014 668 auctoritatibus
1033 615 1113 669 etiarn

198 697 367 766 colligendis
382 696 466 750 multo
482 696 653 767 diligentior.
699 697 724 751 ls
741 696 827 766 igitur
842 711 896 750 non
919 697 998 752 satis
1018 698 1114 753 babuit

199 784 233 839 ad
245 781 407 836 Suetonium
422 780 530 834 referre
546 797 616 851 quae
630 782 755 836 Isidorus
771 779 930 835 nominatim
950 779 1028 836 inde
1044 788 1113 837 attu-

198 868 246 934 tit,
269 867 320 920 sed
342 871 456 935 atquae
481 864 667 934 proximaret
689 864 892 936 praecederent
907 864 953 918 vel
972 864 1110 937 insequa-

198 957 304 1016 rcntur‚
320 955 349 1002 ut
364 951 469 1018 cap.37
486 952 514 999 et
528 952 572 1016 38,
593 947 656 1017 quin
674 948 755 1002 etiam
769 947 900 1002 nonnulla
918 964 933 1002 a
947 947 1108 1020 Tranquilli

198 1033 308 1089 nomine
324 1033 408 1100 longa
428 1036 545 1099 remota,
561 1030 632 1084 sicut
649 1031 676 1084 in
699 1031 794 1102 primis
810 1047 861 1086 sax
881 1031 1050 1102 capitibus,
1075 1033 1110 1089 ei-

199 1121 260 1173 dem
288 1115 395 1169 auctori
423 1113 569 1168 tribuenda
600 1130 664 1168 asse
693 1116 761 1170 satis
786 1114 975 1187 probabiliter
1005 1117 1108 1173 docuit

198 1201 282 1254 Cuius
298 1197 546 1266 argumentationis
562 1214 664 1252 summa
679 1200 748 1254 hacc
764 1205 822 1267 cst,
837 1205 867 1253 ut
885 1204 973 1270 caput
990 1204 1041 1270 37,
1058 1216 1109 1272 quo

198 1283 272 1337 venti
290 1288 483 1336 enumerantur
503 1288 600 1352 quater
616 1282 706 1351 terni,
726 1289 812 1336 totum
831 1282 992 1352 eodemque
1010 1285 1110 1340 ordina

197 1368 325 1422 versibus
345 1360 506 1438 leoninisffl)
524 1365 595 1421 inira
612 1383 638 1437 p.
655 1373 714 1435 305,
730 1371 763 1424 27
779 1364 869 1421 citatis
885 1364 997 1422 includi
1014 1368 1110 1440 ibique

198 1451 357 1522 Tranquillo
379 1450 463 1504 tribui
488 1457 628 1505 moneret.
652 1457 707 1504 tum
729 1451 764 1504 de
790 1449 878 1518 signis
906 1456 1108 1522 tempestatum

197 1553 257 1607 cap.
282 1542 316 1593 38
337 1533 472 1588 Varronis
501 1539 529 1586 ct
550 1533 654 1601 Nigidii
685 1533 865 1587 auctoritates
897 1535 1109 1592 reconditioris

197 1620 341 1674 doctrinae
358 1632 437 1685 quam
458 1630 509 1686 pro
530 1615 640 1670 Isidoro
662 1632 726 1670 esse
747 1617 963 1686 demonstraret,
982 1618 1108 1691 denique

198 1703 231 1755 ad
248 1702 335 1771 prima
348 1698 448 1768 capita,
470 1713 540 1766 quae
557 1704 620 1752 sunt
635 1699 670 1753 de
687 1699 786 1754 diebus
803 1706 830 1754 et
845 1700 994 1757 mensibus
1015 1711 1046 1758 et
1061 1721 1109 1758 an-

196 1785 250 1850 nis,
268 1785 322 1837 duo
338 1781 465 1837 Suetonii
481 1781 598 1837 frustula
616 1799 643 1854 p.
660 1789 727 1852 305,
742 1789 776 1841 36
792 1790 819 1837 et
836 1789 904 1853 306,
921 1791 955 1844 18
971 1788 1109 1858 proxime

197 1867 333 1922 accedere
348 1865 472 1919 doceret.
517 1863 573 1920 Nos
589 1872 689 1935 tamen,
704 1873 734 1920 ut
749 1867 776 1920 in
792 1884 823 1922 re
838 1883 891 1922 nou
909 1867 1000 1939 plane
1018 1879 1110 1942 certa,

195 1951 266 2003 intra
295 1946 466 2004 manifestam
492 1948 656 2021 nomineque
682 1951 784 2006 linitam
810 1952 1011 2009 auctoritatem
1040 1972 1111 2012 con·

193 2033 347 2091 sistendum
364 2032 499 2086 duximus.

256 2115 356 2171 Collati
376 2116 411 2171 ad
437 2134 464 2188 p.
491 2122 558 2184 304,
585 2124 617 2176 18
643 2119 756 2174 codices
776 2118 801 2174 X
823 2126 886 2174 sunt
908 2120 1110 2191 antiquissimi

197 2217 304 2270 omnes,
320 2199 491 2256 Basilienses
507 2207 575 2269 tres,
595 2197 792 2272 Beruenscsw)
811 2209 949 2272 quattuor,
966 2205 1112 2262 bamber-

194 2302 296 2356 genses
309 2286 375 2350 dno,
389 2285 572 2340 bruxellanus
588 2301 668 2354 unus,
684 2302 799 2355 quorum
813 2287 909 2340 titulos
924 2289 1112 2360 scripturae-

194 2386 246 2440 que
262 2369 478 2441 discrepantiam
493 2368 635 2422 studiosus
655 2370 743 2423 lector
760 2369 832 2440 apud
844 2371 1004 2428 Bccharum
1022 2373 1112 2431 inve-

260 2617 307 2680 89)
321 2617 387 2665 Addi
406 2617 485 2680 potuit
498 2616 546 2665 hoc
562 2631 670 2681 quoque,
690 2619 769 2669 videri
788 2620 824 2669 illi
842 2619 1012 2670 versificatori
1025 2638 1109 2688 prae·

192 2698 229 2736 ter
244 2687 334 2735 librum
352 2685 383 2733 de
396 2685 490 2733 Natura
508 2700 592 2736 rarum
610 2686 643 2736 ad
661 2703 751 2737 manus
769 2687 848 2738 fuisse
865 2702 967 2737 carmen
984 2689 1018 2740 de
1031 2691 1108 2742 Ven-

192 2757 224 2804 tis
254 2754 317 2818 (cir.
345 2752 431 2816 Meyer
455 2753 557 2805 Anthol.
580 2770 621 2804 no.
648 2756 722 2807 1056.
756 2755 912 2806 Wernsdorl
932 2759 948 2808 5
972 2773 1002 2823 p.
1025 2760 1110 2819 523)

193 2824 261 2885 quod
277 2821 401 2871 Arevalus
421 2823 452 2871 ab
464 2822 579 2886 Eugenio
592 2823 726 2882 Toletano,
746 2825 789 2888 qui
805 2839 828 2873 e.
847 2823 899 2877 65⁷
915 2834 1036 2876 momuns
1054 2820 1108 2893 est,

191 2891 361 2955 conscriptum
380 2892 514 2950 existimet,
532 2893 722 2944 Wernsdorflus
741 2893 779 2943 vel
793 2894 890 2943 Isidoro
908 2895 1044 2957 antiquius
1064 2899 1108 2948 iu-

192 2961 267 3010 dicat.
304 2959 337 3008 At
355 2960 397 3008 ille
411 2962 528 3010 carminis
548 2962 655 3026 scriptor
666 2962 783 3012 Suetonio
802 2961 871 3011 haud
887 2964 960 3012 dubie
970 2978 1039 3014 usus
1054 2976 1107 3017 est.

192 3044 249 3078 cum
267 3028 315 3077 tria
332 3036 464 3077 ventorum
480 3032 582 3079 nomine
601 3030 697 3080 Graeca
714 3031 784 3080 solus
802 3032 986 3091 subministret,
1006 3033 1041 3082 ab
1055 3037 1107 3085 lai-

191 3099 254 3148 doro
272 3106 296 3146 et
312 3098 451 3147 recentiore
466 3099 637 3149 versificatore
656 3099 759 3160 omissa,
780 3114 795 3148 a
812 3099 957 3163 Tranquillo
975 3115 1108 3153 necessa-

191 3167 230 3216 rio
249 3168 339 3229 posita.
376 3166 438 3215 Cum
453 3166 572 3217 Suetonio
590 3168 652 3217 facit
666 3175 799 3217 ventorum
815 3176 869 3216 rota
887 3170 913 3217 in
932 3183 1025 3219 museo
1039 3169 1108 3220 Pio-

192 3235 348 3286 Clementino
368 3249 516 3285 marmorea.

192 3371 215 3419 V
244 3301 307 3423 c90)
339 3303 408 3362 Quos
435 3312 521 3354 nostra
552 3304 636 3369 gratia
665 3304 775 3368 inspexit
800 3304 939 3352 loannes
968 3303 1093 3356 Zriude
