2334 3870
124 199 213 248 xxvi
471 191 676 242 Pmsrmo.

59 367 116 408 sut·
193 356 366 413 Difficillins
381 369 428 408 res
443 357 488 408 est
503 352 539 407 de
553 351 729 406 Vaticano
750 352 848 407 codice
863 352 1000 422 quodam,
1017 370 1033 409 e

22 445 24 448 ⁴
43 416 301 512 ul'⁸³⁵‘111opnncus
314 438 449 495 lectiones
467 452 483 490 a
495 435 590 506 lipsio
603 436 737 491 collectas
749 435 912 492 Pulmanuus
928 453 954 491 a.
964 442 1034 496 1574

127 523 228 581 edidit.
271 521 400 578 Eiusdem
420 519 486 574 tisri
502 519 612 591 Lipsius
635 518 739 590 ipsein
754 518 884 590 Antiquis
899 519 1033 574 lectioni-

126 608 181 665 bus
195 615 224 664 et
237 608 266 663 in
277 603 381 660 illectis
393 604 560 659 mentionem
571 602 648 672 iecit,
663 607 777 673 tresque
792 602 930 658 lectiones
942 603 1032 659 sl'ul·

125 707 226 749 nanno
248 704 304 746 nou
326 687 435 759 positus
456 686 619 742 Torrentius
639 681 810 758 protulitssl.
853 687 952 740 Fertur
967 688 1031 742 sine

127 773 306 831 distinetione
321 770 441 842 cupitum
455 771 577 843 scriptus
592 786 674 839 esse,
694 786 755 824 cum
774 770 849 824 uotis
866 762 912 843 (i)
930 777 958 824 et
970 776 1029 826 tres

124 855 235 928 priores
251 860 354 910 tentum
370 854 476 924 libros,
498 854 595 909 Divum
609 852 706 907 lulium
722 854 819 908 Divum
834 854 990 924 Augustum
1005 859 1033 908 et

123 937 282 1008 Tiberium,
306 938 499 1007 continuisse,
524 938 627 992 amisso
648 942 679 989 ut
702 936 812 991 videtur
833 937 923 992 altero
945 943 1032 993 tomo.

125 1020 294 1095 Quamquam
307 1021 434 1093 lipsiam
450 1026 583 1092 excerpts
600 1026 654 1074 tum
668 1019 846 1090 negligenter
868 1021 943 1077 iacta
959 1027 1032 1086 sunt,

125 1205 152 1242 a.
170 1189 241 1238 mo
259 1185 366 1236 transcri
384 1183 432 1242 sit,
452 1191 541 1249 postea
558 1186 578 1232 1.
595 1183 664 1248 ring.
681 1181 842 1247 Hemandns,
858 1191 912 1232 tum
927 1185 962 1232 lo.
978 1182 1033 1233 Ma·

126 1255 266 1316 uesserius,
283 1267 350 1303 nnnc
365 1199 480 1302 iaristna
496 1248 647 1301 bibliotheca
662 1266 702 1302 uo.
719 1252 788 1302 5808
807 1252 937 1316 possidet,
954 1253 1033 1302 colla—

124 1324 217 1375 tionem
237 1320 402 1373 Gasuubonus
425 1335 448 1369 a.
475 1319 541 1371 1595
565 1318 681 1370 Genevae
704 1320 812 1370 instituit
836 1320 952 1384 miroque
978 1323 1033 1371 eius

124 1404 208 1442 amore
218 1399 307 1457 captus
322 1404 459 1456 supparem
473 1388 556 1439 dicere
567 1404 645 1439 ausus
661 1398 699 1440 est
713 1388 873 1438 Memmiauo.
907 1389 957 1439 Sed
973 1403 1034 1440 con·

123 1458 193 1513 teuit
207 1459 231 1508 ei
247 1460 358 1511 omnium
371 1458 482 1509 maxime
496 1473 553 1507 cum
564 1455 735 1508 Palatinorum
750 1458 847 1524 primo;
866 1472 925 1506 nam
940 1475 967 1524 p.
979 1459 1005 1520 3,
1018 1457 1034 1508 8

122 1524 205 1580 latiur
224 1528 322 1581 Caesar
336 1529 415 1580 Diuus
431 1543 519 1577 annum
536 1542 629 1592 apen&
644 1543 668 1592 p.
688 1527 745 1587 151,
760 1525 792 1580 19
806 1530 905 1590 cupreis
916 1527 967 1576 XL
981 1537 1034 1579 tro·

121 1596 210 1663 pheloc
225 1614 252 1663 p.
271 1597 336 1654 201,
349 1596 384 1648 36
400 1611 448 1661 per
463 1604 515 1646 tres
530 1611 641 1652 mennecr
656 1611 682 1660 p.
699 1595 758 1655 234,
774 1593 808 1645 32
824 1612 838 1644 e
853 1597 974 1646 Caesario
989 1601 1032 1648 mi·

122 1668 223 1726 rotro,
248 1664 275 1716 hi
295 1666 342 1716 soli
363 1665 462 1715 codices
482 1665 602 1728 scriptum
623 1662 775 1714 habuerunt.
816 1663 931 1714 Eundem
947 1674 1034 1715 tamen

122 1732 265 1785 Palatinum
275 1732 395 1784 Gruterus
406 1745 506 1795 quoqne
521 1731 623 1796 plurimi
637 1730 696 1780 lecit
710 1740 734 1780 et
744 1733 881 1782 nominavit
895 1735 1033 1798 aliquando

125 1800 217 1866 librum
239 1800 377 1866 simplicem
402 1807 425 1849 et
449 1800 615 1851 innocentem,
659 1799 717 1850 Fuit
734 1807 818 1852 tamen
835 1803 962 1853 secundus
986 1804 1034 1853 ali-

127 1877 219 1937 quanto
248 1868 377 1920 sincerior.
419 1866 518 1917 Tertius
546 1867 579 1918 ad
607 1867 718 1918 codicem
742 1870 850 1933 aliquem
881 1873 1033 1938 propaginis

125 1938 204 1991 Paris.
224 1936 300 1989 olio.
332 1934 399 1986 Med.
418 1939 443 1992 2.
461 1943 508 1986 eto.
534 1936 717 1987 contaminatus
740 1953 797 1988 esse
814 1939 929 2000 videtur,
951 1956 974 1991 e.
991 1955 1032 2006 gr.

124 2023 150 2075 p.
168 2007 228 2066 214,
244 2006 284 2058 16.
302 2031 336 2044 -
350 2004 539 2067 Guelferbytaui
555 2005 639 2070 primi,
658 2004 765 2056 Gudiaui
780 2007 840 2059 268.
856 2022 923 2060 saec.
940 2007 1033 2074 x1(t)

123 2089 219 2143 paucas
240 2074 363 2139 quasdam
382 2074 502 2123 lectiones
524 2072 634 2124 Wolilus
660 2074 772 2140 prodidit
793 2092 808 2125 a
830 2076 947 2142 Langero
970 2076 1034 2128 snb-

122 2143 223 2195 mlssas.
258 2142 309 2193 Sed
325 2143 423 2193 desidia
442 2143 537 2193 sensim
554 2144 690 2209 obrepente
706 2144 731 2193 in
747 2143 774 2197 0.
791 2145 920 2212 Caligulae
936 2154 960 2195 et
974 2143 1032 2196 Diri

124 2211 221 2264 clandit
237 2211 297 2262 vitis
316 2212 460 2271 rarissime,
478 2213 505 2261 iu
524 2211 630 2263 Neronis
646 2214 738 2273 semel,
755 2214 782 2263 in
797 2214 981 2280 posterioribus
999 2229 1032 2264 ne

124 2279 201 2333 renel
219 2281 319 2344 quidem
334 2281 374 2330 vel
390 2280 465 2331 huius
486 2281 543 2332 libri
558 2282 597 2332 vel
614 2283 720 2332 aliorum
738 2284 892 2333 mentionem
909 2281 978 2333 fecit.
997 2310 1032 2320 —

125 2348 348 2401 Torrentiauornm
363 2350 477 2401 codicum
500 2366 566 2401 nnus
585 2352 679 2400 alterve
696 2349 737 2399 hic
753 2349 818 2401 foret
832 2365 1033 2402 commemoran-

124 2418 188 2479 dus,
204 2416 226 2468 sl
241 2415 371 2469 Torrentio
392 2419 491 2469 codices
512 2433 572 2469 suos
588 2427 694 2481 quatuor
711 2419 812 2484 saepius
829 2421 977 2470 nominatim
992 2421 1033 2470 di·

124 2487 255 2551 stinguere
275 2486 423 2552 placuissatt
446 2487 496 2536 lam
512 2500 571 2537 vcro
589 2486 623 2535 ita
645 2486 712 2550 loqui
737 2488 814 2538 solet:
841 2489 938 2539 ‘codex
952 2503 1031 2552 unns,

124 2551 193 2604 hand
208 2554 298 2616 malus,
315 2555 433 2619 optimus,
453 2563 548 2618 noster,
566 2561 734 2621 pervetustus,
751 2556 807 2606 libri
828 2557 893 2618 duo,
911 2561 1030 2622 quatuor’

124 2629 148 2672 et
163 2622 295 2684 similiter,
320 2631 347 2673 nt
365 2623 418 2674 elus
434 2622 504 2674 labor
521 2621 594 2675 bodio
615 2636 696 2690 paene
712 2624 808 2675 inutilis
829 2627 869 2676 sit.
885 2653 918 2663 —
935 2625 1031 2676 Parisi-

123 2704 215 2741 nornm
230 2691 345 2742 codicum
368 2692 496 2758 praetor*
519 2691 667 2739 'urbinum
684 2689 724 2742 lrlc
744 2695 890 2745 nominandi
913 2703 972 2745 sunt
986 2709 1029 2745 no.

122 2757 191 2810 11801
207 2774 273 2810 saec.
291 2758 340 2812 XIl
355 2760 464 2812 ortltnu·
502 2791 515 2796 --
638 2774 755 2812 nonnum
770 2778 870 2828 quoque
884 2764 1030 2830 inspexisse

122 2829 232 2895 probant
251 2831 368 2880 omissa*
412 2829 442 2864 ¹⁵³¹
486 2847 500 2864 ¹·
580 2859 592 2868 ··
644 2832 692 2881 teri
709 2833 791 2894 pluris
807 2835 935 2897 eliquanto
954 2849 1031 2884 roca-

122 2899 178 2958 νίας
203 2905 257 2948 tum
278 2897 440 2948 Nous-ssu„
498 2919 516 2932 ··
652 2897 715 2961 ³111,
743 2909 863 2967 excerpta
882 2902 1030 2966 contiueus;

122 2973 251 3032 postremo
269 2981 308 3019 uo.
329 2966 407 3019 11800.
425 2968 450 3012 ⁵*
530 2987 538 3004 =
638 2982 673 3004 --u
696 2966 755 3020 XV.

192 3033 238 3096 lb)
259 3034 384 3086 Pausulae
400 3039 440 3087 oo·
676 3047 748 3089 “ouo
764 3039 849 3090 codice
870 3055 886 3088 a
904 3039 1028 3090 Politiano

126 3117 146 3151 r.
163 3102 231 3154 1480
246 3102 327 3153 iactae
347 3103 390 3153 hu*
408 3120 420 3140 u

128 3185 221 3238 guono.
259 3171 392 3223 Fulril¹

132 3241 386 3304 umquecomnsentic
454 3275 475 3294 ·-.
524 3271 528 3276 -
568 3267 571 3279 ·
631 3271 637 3280 ·
678 3242 731 3280 Μ
774 3271 780 3280 -

132 3308 197 3357 ubil!
218 3309 323 3360 '‘mfl‘liss·
354 3331 408 3360 urus
462 3326 493 3348 Μ’
562 3343 576 3352 ·=

123 3376 204 3426 noviss
240 3407 243 3411 .
284 3378 400 3416 irritamin-
446 3411 456 3416 ,,
540 3415 543 3420 ,
626 3407 628 3412 ,
666 3407 672 3416 ,
736 3403 741 3416 ,
