2334 3870
438 211 646 260 PRAEFATIO.
870 209 989 261 LXXXV

83 395 112 448 p.
132 381 191 444 104,
209 381 243 433 18
260 369 266 451 1
285 380 320 432 23
337 378 385 426 aut
400 371 543 427 Tarentini
554 372 699 428 Lambinus
718 362 724 446 Ι
743 376 777 430 29
790 369 898 425 Marcio
912 372 985 426 Boo-

86 458 194 529 garsius
219 459 254 513 ad
273 457 406 512 lustinum
425 462 474 525 12,
501 464 533 514 15
556 462 584 511 et
599 455 778 511 casaubonus
798 452 956 524 puellaria
978 446 985 530 Ι

85 549 119 602 30
126 547 191 613 post
206 543 351 611 septimum
366 539 501 608 vinetus,
524 538 573 595 cfr.
592 556 676 610 supra
689 538 781 594 adnot.
799 541 834 596 73
852 530 857 613 l
877 543 912 596 33
925 535 985 592 Hu-

84 633 173 681 matus
189 625 290 679 omittit
305 622 555 694 HeurStephanus.

145 707 262 762 Persii
283 707 390 762 vitam
411 722 471 761 eam
488 721 558 775 quae
583 707 616 760 ad
639 722 690 760 nos
711 705 840 776 pervenit
866 705 987 759 alienam
1006 714 1077 756 ronti
1091 717 1144 758 unu

85 809 149 846 esse
174 807 189 845 a
216 789 351 845 Suetonio
375 795 402 843 et
419 795 532 843 veteres
553 788 619 842 libri
637 789 753 856 docent,
771 788 825 843 ‘de
846 804 983 844 commen-

86 874 157 930 tario
183 872 265 928 Probi
281 873 387 929 Valerii
416 871 569 927 sublatam'
591 864 788 942 testantes⁷⁴)‚
818 878 845 925 et
866 871 984 943 scriptio

86 958 146 1027 ipsa
162 957 263 1011 misere
282 958 445 1028 perturbata
462 955 592 1024 nullaque
613 954 641 1011 in
665 969 696 1007 re
716 953 881 1007 luculentam
897 954 984 1010 Tran-

85 1040 162 1109 quilli
178 1039 332 1095 orationem
348 1038 496 1094 reterens.¹
518 1038 767 1093 commentatorem
784 1034 902 1105 aliquem
918 1053 984 1105 pro-

84 1126 150 1177 dunt
182 1129 323 1178 auctorem
352 1124 438 1179 verba
466 1137 538 1192 quae
564 1121 591 1175 io
621 1119 670 1179 illu
697 1121 754 1175 vita
781 1124 892 1173 exstuat
916 1119 986 1174 haee

82 1202 171 1261 ‘bunc
198 1206 286 1277 ipsum
311 1207 410 1261 librum
439 1205 629 1277 imperfectum
658 1201 802 1274 reliquit'‚
829 1201 988 1274 imperitum

83 1289 219 1344 hominem
235 1291 306 1344 baec
323 1289 477 1344 ‘Neronem
492 1289 568 1343 illius
586 1288 720 1358 temporis
735 1285 919 1358 prinoipem’.
941 1286 983 1342 Aa

86 1390 118 1425 ne
134 1373 196 1440 quis
211 1372 372 1438 Hieronymi
383 1373 448 1425 loco
465 1388 491 1440 p.
505 1376 571 1433 299,
594 1378 610 1427 5
626 1370 720 1439 posito
738 1372 866 1426 abutatur
883 1371 919 1425 ad
933 1387 981 1440 pa-

85 1453 275 1507 trocinandum
293 1451 442 1519 Suetonio,
461 1452 521 1505 sive
539 1451 703 1505 Casaubono
718 1453 810 1520 potius
828 1458 855 1504 et
871 1453 983 1506 barthio

87 1536 132 1604 qui
150 1535 231 1605 primi
247 1534 405 1588 Fausianam
420 1532 503 1587 vitam
519 1531 644 1585 Suetonii
667 1547 730 1585 esse
746 1533 911 1598 voluerunt,
934 1531 983 1587 illo

85 1621 149 1674 loco
165 1616 232 1672 nibil
251 1617 386 1686 eflicitur,
404 1615 457 1670 uisi
476 1615 548 1686 quod
564 1612 751 1684 unusquisque
765 1629 816 1684 per
832 1629 863 1667 se
880 1613 984 1667 intel-li·
1051 1625 1053 1629 ’

85 1702 145 1771 git,
167 1702 202 1756 de
223 1701 320 1757 Persio
338 1716 447 1772 quoque
464 1700 492 1753 in
511 1697 668 1754 illustribus
683 1696 753 1753 viris
775 1703 864 1753 aetum
880 1696 983 1759 iuisse;

84 1802 145 1841 nam
171 1801 224 1855 quo
252 1801 323 1840 anno
346 1783 446 1854 aliquis
467 1790 495 1838 et
515 1781 563 1838 u-bi
585 1789 664 1837 natus
686 1782 724 1836 sit
740 1786 936 1850 mortuusque,
957 1779 987 1838 id

85 1876 162 1924 certe
191 1885 225 1922 ne
254 1875 411 1940 postremus
437 1868 546 1938 qui-dem
573 1867 647 1944 vitae
680 1865 802 1936 scriptor
823 1863 986 1935 praetermi-

85 1952 162 2008 serit.
293 1959 298 1963 “

149 2035 251 2088 Verum
267 2035 321 2089 alia
339 2051 385 2090 res
402 2041 445 2089 est
462 2036 497 2089 de
518 2032 648 2095 Lucani
668 2031 743 2088 vita
764 2050 790 2103 p.
806 2039 867 2103 299,
889 2039 924 2094 13
939 2037 1075 2090 re-tamt
1092 2038 1146 2093 aas,

86 2118 158 2183 lata,
180 2116 252 2169 uude
274 2132 305 2169 re
321 2111 431 2188 varan)
452 2117 636 2186 Hieronymus
659 2132 691 2170 ea
707 2116 791 2171 rerba
810 2133 880 2187 quae
901 2134 985 2188 prae-

87 2198 230 2269 posuimus
247 2198 406 2270 exscripsit.
450 2199 594 2254 Aecedunt
608 2198 771 2254 Suetoniani
787 2200 892 2269 ingenii
900 2194 936 2271 70)
951 2217 984 2256 ac

85 2281 142 2337 stili
162 2287 217 2337 tam
239 2287 334 2352 aperta
350 2282 487 2352 vestigia,
513 2288 542 2336 ut
563 2281 637 2336 docti
659 2281 785 2336 homiues
806 2289 870 2353 post
893 2281 984 2337 Scali-

84 2359 224 2438 gerumn)
241 2364 433 2421 casaubonum
449 2364 612 2420 Salmasium
634 2366 670 2420 ad
688 2380 769 2418 uuum
785 2380 881 2419 omnes
897 2365 931 2419 de
948 2365 984 2418 ll·

84 2448 218 2505 lustu-ibus
233 2448 302 2504 viris
325 2456 483 2520 excerptam
501 2465 565 2503 esse
583 2449 785 2503 consenserint.
828 2446 922 2518 Neque
945 2454 986 2504 tu-

84 2548 145 2585 meu
158 2548 211 2604 pro
227 2532 336 2601 integra
353 2532 451 2588 haberi
466 2532 556 2587 debet.
600 2530 801 2586 Desiderantur
818 2531 888 2586 euim
906 2530 985 2588 initio

152 2710 198 2772 74)
221 2712 381 2761 Recentiores
407 2711 464 2761 libri
488 2720 513 2759 ct
534 2711 652 2775 impressi
675 2709 777 2760 Cornuti
801 2725 891 2759 nomeu
909 2727 982 2776 prae·

84 2781 206 2846 scriptum
223 2779 322 2829 habeut.

152 2847 198 2910 75)
213 2849 276 2897 Nam
287 2847 386 2898 diversa
404 2850 466 2898 satis
485 2863 515 2897 ea
528 2855 587 2897 sunt
605 2861 668 2908 quae
686 2847 712 2895 in
730 2848 808 2895 altera
820 2847 915 2896 Lucani
930 2848 982 2898 vita

83 2919 216 2982 leguntur:
234 2931 311 2965 uenas
326 2916 375 2966 sibi
390 2918 524 2978 praecidit.

151 2982 197 3044 to)
221 2985 332 3048 Iniquior
349 2984 488 3049 Tranquilli
511 2985 537 3035 iu
556 2985 685 3033 Lucanum
701 2982 800 3033 animus
819 2985 983 3048 eiusdemque

85 3053 116 3101 be
139 3050 234 3100 Seneca
254 3052 374 3101 iudicium
395 3054 477 3102 acrius
498 3052 589 3117 (supra
612 3068 637 3116 p.
658 3051 723 3114 196,
754 3052 801 3116 35)
821 3068 837 3100 a
861 3055 983 3118 scriptore

85 3135 135 3170 non
151 3119 286 3168 abhorrent
302 3122 461 3184 antiquorum
479 3120 664 3171 studiosissimo
682 3128 707 3168 st
725 3119 871 3179 Quintiliani
886 3122 909 3170 si
931 3135 982 3171 non

84 3188 217 3253 disciplina
233 3197 258 3237 at
274 3197 340 3237 certe
355 3189 446 3238 iudicio
464 3189 622 3238 admiratore.

150 3255 196 3313 77)
221 3258 249 3305 ln
277 3257 424 3322 Appendiee
455 3257 597 3322 Wrgiliana
623 3256 677 3305 sive
706 3257 838 3308 catalectis
862 3257 982 3322 Lugdunl

82 3341 106 3374 a.
123 3323 189 3375 1573
211 3325 302 3384 editis,
322 3326 355 3374 ad
371 3324 463 3375 Culicis
484 3325 591 3375 initium.
627 3326 731 3375 Iacobus
747 3340 848 3390 quoque
867 3325 981 3391 Bongar·

81 3395 136 3443 sius
153 3395 179 3443 in
196 3393 280 3442 codice
295 3393 416 3443 Beruensi
433 3394 467 3443 45
489 3393 630 3443 adnotavit:
650 3401 712 3454 puto
729 3409 746 3442 a
760 3392 880 3446 Suetonio
899 3391 981 3444 Tran-

81 3464 157 3526 quilla
171 3461 236 3511 bunc
245 3465 317 3512 citam
329 3479 385 3513 esse
397 3463 553 3525 descriptam.
