2334 3870
479 188 688 238 PRAEFATIO.
972 189 1035 238 XIX

127 350 248 490 Speculo
263 346 404 406 historiali
426 346 455 404 S.
473 346 553 419 lllll,
572 348 691 406 lacobus
707 349 800 422 llagni
818 348 846 405 in
863 347 1030 422 Sophilogio

186 518 381 590 Exemplorum
394 516 666 589 typographica
684 523 761 573 arte
775 515 1029 589 multiplicaturum,
1044 523 1161 566 narsum

127 619 195 674 quas
211 600 351 657 editiones
369 599 512 672 appellare
530 616 581 656 usu
601 607 744 674 receptum
759 607 817 672 est,
838 600 1031 673 antiquissima
1046 576 1143 628 purae
1082 573 1165 627 ”””Ῥ

125 691 190 742 sunt
210 686 330 742 Romana
360 684 433 753 duo,
459 699 530 739 auno
558 689 625 745 1470
647 685 748 742 emissa
770 681 903 759 (alterum
930 683 1034 742 Sextili

124 785 222 826 mense
243 774 271 823 et
291 767 405 823 loannis
424 766 539 822 Antonii
559 765 690 841 campani
712 784 793 840 cura,
819 769 950 826 loliorum
973 775 1034 840 125,

127 854 244 908 alterum
257 849 402 906 Decembri
415 866 452 906 ex
467 850 662 922 recognitione
675 851 786 907 loannis
795 852 925 910 Andreae
938 853 1034 909 Aleri-

127 935 204 991 ensis
221 934 349 1006 episcopi
372 934 504 990 loliorum
523 930 589 1008 107)
611 939 640 990 11
655 934 790 990 Venatum
805 952 886 992 unum
903 936 1034 992 loliorum

125 1024 263 1079 16211111
281 1022 346 1077 1471
364 1018 515 1088 vulgatum.
561 1018 619 1074 llae
637 1024 694 1074 tres
717 1017 872 1089 aditiones,
892 1019 1034 1091 principes

126 1103 326 1175 appellandae,
345 1118 405 1157 cum
428 1102 595 1174 exscriptis
618 1100 764 1158 codicibus
789 1119 841 1175 pro
859 1119 891 1158 se
908 1119 1035 1173 quaeque

126 1202 262 1259 expressa
284 1185 339 1256 sit,
353 1185 406 1242 etsi
422 1184 451 1241 in
468 1186 560 1242 multis
576 1187 661 1243 rebus
678 1184 751 1242 inter
765 1203 797 1242 se
816 1186 957 1255 differunt,
975 1202 1035 1242 curn

126 1269 246 1342 exempli
268 1286 352 1326 causa
375 1270 404 1324 in
425 1270 532 1328 Veneta
553 1270 678 1326 editione
694 1270 800 1328 Graeca
822 1272 909 1327 verba
930 1271 1034 1341 ubique

127 1354 230 1410 omissa
253 1353 327 1424 sint,
355 1354 385 1409 in
406 1353 534 1410 Romanis
558 1354 680 1426 capitum
706 1355 860 1428 descriptio
887 1353 1034 1426 avulgari

128 1437 286 1507 discrepet,
311 1436 342 1490 in
362 1434 521 1490 universum
541 1441 631 1490 tamen
651 1435 783 1492 iudicanti
806 1439 964 1493 simillimae
991 1439 1034 1494 in-

127 1524 171 1574 ter
186 1535 218 1575 se
238 1524 266 1572 et
280 1515 537 1572 recentissimorum
552 1516 792 1589 pessimorumque
806 1519 952 1587 librorum,
967 1536 1035 1588 qua-

127 1604 170 1658 les
191 1607 256 1657 sunt
279 1598 479 1657 Perizonianus
506 1605 533 1654 11
550 1598 759 1670 111111111ηεί1,
787 1614 915 1673 propago
940 1599 1035 1654 dicen-

128 1687 181 1741 dae
198 1691 271 1740 suut.

191 1768 443 1824 Posteriorum
461 1768 639 1825 editorum
654 1784 722 1840 prae
739 1766 843 1824 ceteris
858 1772 974 1839 propter
989 1784 1035 1823 rc·
1049 1760 1167 1853 Ρωῑῖξὶῗ

130 1858 225 1925 neptas
242 1852 432 1908 emelioribns
450 1852 531 1909 liBris
547 1851 754 1908 emendationes
766 1851 876 1908 laudem
890 1853 1035 1908 consecuti

128 1942 191 1993 sunt
213 1935 355 2008 Philippus
380 1937 534 1993 Beroaldus
555 1954 579 1992 1.
603 1941 672 1996 1493
700 1942 728 1991 11
756 1941 840 2006 1506,
870 1935 1035 1992 Desiderius

128 2021 259 2075 Erasmus
281 2037 305 2075 a.
330 2026 415 2090 1518,
435 2020 573 2076 liebertus
592 2019 749 2092 Stephanus
771 2037 795 2075 1.
813 2025 897 2091 1543,
921 2021 1035 2076 isaacus

131 2102 310 2158 Gasaubonus
332 2108 488 2161 1159511
509 2109 595 2173 1610,
617 2104 736 2159 loannes
757 2103 900 2175 Augustus
923 2103 1035 2160 Ernesti

129 2204 154 2242 1.
172 2189 240 2245 1718
258 2185 837 2258 111775,111111111101111111111111.
856 2193 934 2249 1751.
977 2187 1037 2243 Etsi

130 2268 270 2327 editiones
291 2284 347 2324 non
366 2273 568 2338 correxerunt,
594 2275 683 2326 tamen
707 2271 754 2325 vel
775 2271 803 2325 in
829 2270 1035 2327 commentariis

130 2352 310 2410 Suetoniaris
325 2352 371 2409 uel
387 2351 450 2410 aliis
467 2353 610 2424 opusculis
629 2354 718 2409 bonas
737 2354 872 2409 librorum
895 2352 1035 2407 lectiones

128 2437 254 2510 prolatas
276 2436 540 2494 commendaverunt
564 2437 593 2493 hi
621 2438 694 2494 lere:
722 2437 849 2508 Angelus
873 2434 1036 2505 Politianus,

128 2521 247 2577 loannes
269 2520 392 2592 Baptista
418 2520 498 2592 Pius,
528 2520 664 2578 llenricus
687 2522 855 2591 Glareanus,
880 2518 1035 2576 Hadrianus

130 2605 289 2674 Turnebus,
312 2603 475 2660 Theodorus
504 2604 684 2675 Pulmannus,
704 2606 839 2663 Laevinus
863 2603 1036 2674 Torrentius,

130 2689 221 2744 lustus
236 2688 356 2759 lipsius,
371 2687 453 2745 lanus
470 2686 613 2758 Gruterus,
630 2689 734 2762 Gaspar
747 2690 887 2759 Berthius,
904 2687 1035 2744 Glandius

131 2771 299 2841 Salmasius,
319 2771 437 2828 loannes
455 2770 593 2843 Georgius
616 2772 766 2843 Graevius,
789 2775 906 2830 lacobus
927 2769 1036 2828 Grono-

132 2855 213 2925 vius,
228 2855 326 2911 Petrus
340 2856 519 2912 Burmannus.
565 2855 732 2927 corrigendi
751 2857 864 2926 cilicio,
881 2873 942 2912 cum
958 2862 1036 2911 vete-

131 2938 209 2993 ribus
231 2938 312 2994 libris
335 2939 570 3010 destituerentur,
596 2941 758 3013 plerumque
778 2958 833 2998 non
855 2941 926 2997 male
949 2938 1035 2996 iuncti

131 3025 196 3075 sunt
227 3021 376 3076 divinando
406 3024 514 3080 Marcus
543 3023 681 3080 Antonius
715 3024 873 3081 Sabellicus
904 3041 929 3080 a.
956 3029 1035 3094 1490,

130 3104 250 3160 loannes
266 3103 389 3175 Baptista
405 3106 537 3177 Egnatius
554 3125 579 3163 a.
597 3113 675 3179 1516,
692 3108 886 3179 sigismundus
903 3106 1035 3163 Gelenius

132 3193 250 3247 11533
272 3192 388 3248 111546
410 3184 504 3262 (huuc
527 3189 599 3247 enim
621 3190 837 3264 repetitionibus
855 3190 1035 3248 Erasmianae

132 3271 264 3327 editionis
280 3271 400 3328 Basiliae
418 3273 499 3329 laetis
513 3274 671 3346 praefuisse
683 3271 837 3350 existimo)

191 3356 364 3428 Scriptorum
388 3357 524 3414 librorum
551 3375 602 3431 per
626 3359 781 3417 universam
808 3358 980 3417 Germaniam
1008 3365 1036 3415 11
1046 3363 1161 3458 muucffln

133 3437 247 3496 Galliam
271 3445 298 3495 et
319 3439 454 3498 ltaliam
446 3458 539 3504 angen
571 3459 690 3500 uumerus
706 3462 790 3518 repen
815 3461 862 3514 11,
885 3459 1031 3511 1111111111

854 3486 897 3568 ’1ὶί
