2334 3870
250 669 347 768 DE
396 669 945 770 GRAMMATICIS.

503 918 694 926 *ο*-

161 1128 349 1192 Grammatico
365 1130 476 1192 Romae
491 1148 528 1190 ne
541 1129 570 1189 in
582 1147 635 1189 usu
651 1126 765 1206 quidem
778 1127 865 1206 olim,
884 1129 988 1189 nedum
1004 1129 1033 1191 in
1048 1128 1129 1191 boi

95 1229 169 1271 nore
190 1213 249 1274 ullo
267 1223 344 1288 erat,
366 1213 428 1273 rudi
446 1213 560 1273 scilicet
576 1231 611 1273 ac
626 1212 768 1274 bellicosa
786 1215 871 1273 etiam
894 1223 952 1275 tum
970 1216 1098 1292 civitate,

97 1294 220 1354 necdum
239 1312 420 1373 magnopere
445 1295 616 1356 liberalibus
635 1296 796 1374 disciplinis
817 1307 951 1358 vacante.
969 1288 1101 1406 (initium

72 1405 86 1445 e
99 1395 216 1460 quoque
228 1381 290 1439 eius
300 1377 450 1437 mediocre
465 1379 567 1455 extitit,
582 1378 723 1454 siquidem
735 1380 1100 1457 antiquissimidoctorum,

97 1465 145 1544 qui
161 1463 246 1525 iidem
262 1472 292 1523 et
309 1470 416 1542 poetae
431 1470 461 1520 et
475 1461 650 1538 semigraeoi
666 1469 764 1537 eraut,
792 1458 914 1542 (bivium
936 1472 964 1523 et
978 1462 1100 1524 lirnium

50 1589 54 1594 ,
98 1549 179 1626 dieo,
195 1566 269 1628 quos
282 1556 406 1625 utraque
422 1545 520 1624 lingue
535 1544 611 1604 domi
631 1545 763 1622 lorisque
780 1543 918 1623 docuisse
936 1546 1101 1608 adnotatum

97 1632 158 1712 est)
173 1632 241 1694 nibil
258 1631 379 1712 amplius
394 1632 478 1710 quam
493 1629 625 1693 Graecos
643 1627 916 1708 interpretabantur,
936 1640 982 1691 aut
994 1633 1017 1691 si
1034 1632 1101 1711 quid

96 1718 152 1796 ipsi
165 1717 265 1779 Latine
283 1716 519 1796 composuissent
535 1712 756 1794 praelegebant:
790 1712 862 1774 Nam
876 1713 954 1793 quod
970 1716 1101 1777 nonnulli

59 1800 209 1863 ¹⁰tradunt
231 1801 304 1862 duos
327 1800 419 1862 libros
443 1800 486 1862 de
533 1799 661 1860 itteris
684 1798 941 1878 syllabisque,
968 1801 1036 1860 item
1059 1799 1101 1860 de

95 1885 221 1946 metris
243 1885 279 1945 ab
302 1885 406 1945 eodem
428 1884 521 1946 Ennio
544 1883 657 1961 editos,
684 1885 747 1944 iure
768 1885 864 1962 arguit
878 1882 908 1944 L.
932 1882 1018 1946 Getta
1042 1901 1100 1946 non

95 1976 203 2048 poetae
225 1966 277 2028 sed
300 1969 475 2047 posterioris
497 1968 582 2029 linnii
603 1986 684 2045 esse,
709 1968 790 2029 cuius
811 1968 896 2028 etiam
919 1968 959 2028 de
989 1987 1098 2048 augu-

94 2051 198 2113 randi
223 2052 427 2132 disciplina
442 2051 588 2113 volumina
603 2053 743 2113 ferantur.

109 2150 120 2213 4
160 2135 271 2198 Primus
288 2138 392 2216 igitur,
416 2145 551 2216 quantum
568 2137 734 2216 opinamur,
756 2137 879 2197 studium
894 2139 1130 2216 grammaticaeb

58 2218 125 2282 sri‘n
149 2221 250 2283 urbem
269 2221 364 2282 intulit
386 2218 490 2282 Grates
511 2220 667 2298 Mallotes,
693 2220 856 2282 Aristarchi
877 2222 1025 2302 aequalis,
1051 2224 1100 2301 qui

95 2308 200 2366 missus
215 2305 251 2366 ad
267 2315 397 2366 senatum
415 2305 452 2366 ab
467 2304 566 2366 Attalo
581 2323 654 2383 rege
670 2305 745 2365 inter
761 2305 918 2367 secundum
934 2326 969 2367 ac
985 2307 1101 2367 tertium

95 2389 233 2449 Punicum
253 2388 361 2449 bellum
376 2389 430 2450 sub
447 2389 540 2469 ipsam
555 2389 640 2450 Ennii
655 2398 793 2469 mortem,
820 2408 883 2451 cum
900 2392 1025 2469 regione
1047 2389 1099 2452 Pa·

95 2472 157 2535 latii
174 2473 331 2552 prolapsus
345 2475 374 2534 in
390 2473 513 2535 cloacae
530 2475 663 2535 toramen
685 2493 752 2535 orus
767 2474 922 2553 fregisset,
945 2493 1099 2555 peremne

94 2557 251 2636 legationis
264 2558 348 2618 simul
374 2568 404 2619 et
423 2557 586 2620 valitudinis
602 2567 716 2638 tempus
734 2559 873 2638 plurimas
891 2560 1021 2621 acroasis
1033 2565 1097 2622 sub·

55 2640 161 2703 noinde
182 2643 254 2703 iecit
312 2642 452 2724 sidueque
473 2643 624 2721 disseruit,
653 2662 689 2704 ac
711 2647 818 2731 npstris
836 2643 973 2724 exemplo
994 2645 1047 2706 init
1063 2644 1100 2707 ad

93 2726 265 2789 imitandum.
277 2661 443 2872 {lactemus
458 2736 553 2790 tamen
571 2729 684 2807 imitati,
702 2735 732 2789 ut
749 2716 991 2808 carminalparnm
1006 2728 1100 2792 adbuc

94 2811 242 2890 divulgata
261 2830 298 2872 re
329 2810 530 2873 defunctorum
546 2814 703 2874 amicornm
724 2813 772 2873 vei
799 2815 824 2873 si
841 2829 962 2893 quorum
978 2812 1099 2875 aliorum

93 2867 476 2990 probassent,(diligentius
490 2906 684 2961 retractarent
703 2915 738 2959 ac
759 2897 887 2977 legendo
905 2907 1098 2960 commentan-

95 2980 192 3060 doqne
207 2983 294 3041 etiam
317 2983 424 3040 ceteris
438 2990 506 3042 nota
522 2981 654 3043 iacerent
661 2962 716 3063 dut
735 2979 769 3043 G.
787 2982 926 3045 Octavius
939 2981 1098 3062 Lampadio

56 3063 198 3126 aliaeve
219 3064 357 3127 Punicum
377 3064 502 3144 bellum,
530 3066 608 3146 quod
628 3084 686 3128 uno
710 3067 855 3130 volumine
884 3078 913 3130 et
939 3067 1099 3129 continenti

95 3150 239 3227 scriptura
266 3150 432 3229 expositum
453 3149 549 3211 divisit
567 3153 597 3212 in
618 3160 731 3233 septem
752 3144 913 3236 librosl'ut
933 3160 1037 3232 postea
1060 3151 1097 3227 Q.

94 3234 292 3312 Vargunteius
307 3234 426 3296 annales
469 3237 542 3314 nnii,
562 3255 636 3318 quos
652 3239 741 3299 certis
756 3238 859 3301 diebus
876 3238 905 3299 iu
916 3255 1020 3314 magna
1039 3238 1097 3296 ire·

95 3319 212 3397 quentia
233 3233 504 3468 pronuntiabatbd
522 3321 637 3383 Laelius
652 3322 815 3386 Archelaus
837 3324 1011 3405 Vettiusque
1032 3320 1096 3383 Plri-

95 3401 227 3464 locomns
243 3402 344 3466 Lucilii
359 3414 439 3482 satyr
459 3425 473 3466 s
492 3406 641 3469 familiaris
657 3409 717 3488 sul,
741 3427 812 3489 quas
832 3407 944 3488 legisse
965 3424 997 3470 se
1021 3405 1098 3486 apnd

145 3507 299 3551 surronrns.
903 3494 941 3555 17
