2334 3870
436 184 542 233 cruos
560 185 751 236 sponsans.
1052 175 1093 236 43

92 343 191 406 sortiri
208 343 256 404 vel
272 343 380 402 micare
396 341 528 418 iussisse,
545 348 575 401 ut
590 341 722 402 alterutri
736 342 960 419 concederetur,
972 359 1011 403 ao
1026 360 1093 421 spe·

94 439 189 490 ctasse
209 436 358 506 utrumque
378 424 564 503 morientem,
586 444 649 487 curn
674 435 774 506 patre,
798 428 864 506 quia
885 444 917 486 se
937 425 1093 505 optulerat,

94 514 191 574 occiso
210 511 284 573 lilius
303 527 418 590 quoque
439 508 626 571 voluntariam
645 512 833 572 occubuisset
854 528 967 571 necem.
997 511 1093 586 Quare

92 599 202 674 ceteri,
217 598 245 655 in
259 595 304 656 his
319 593 357 654 ll.
371 593 516 652 Favonius
529 594 580 654 ille
595 594 714 655 Catonis
727 597 872 675 aemulus,
890 613 954 656 cunr
970 595 1095 655 catenati

70 681 342 762 oproducerentur,
358 678 534 775 imperatore
548 677 674 738 Antonio
690 680 849 743 honorifice
865 680 1006 756 salutato,
1020 677 1095 738 bunc

89 765 261 825 foedissimo
277 762 404 821 convitio
421 778 519 821 coram
533 760 746 841 prosciderunt.

156 847 274 906 Partitis
294 854 362 945 post
384 846 537 906 victoriam
558 845 681 922 officiis,
708 864 770 905 curn
790 847 931 909 Antonius
946 849 1097 909 Orientem

94 929 324 1007 ordinandum,
314 948 380 1008 rpse
395 933 577 991 veteranos
568 949 597 990 ιιι
611 929 723 990 ltaliam
736 930 919 990 reducendos
935 941 964 992 et
978 932 1096 993 munici-

92 1013 207 1094 palibus
236 1015 314 1090 agris
341 1013 540 1075 conlocandos
561 1016 747 1093 recepisset,
775 1031 871 1093 neque
895 1023 1098 1076 veteranorum

54 1112 186 1179 teneque
208 1115 412 1177 possessorum
435 1102 558 1177 gratiam
578 1101 684 1177 tenuit,
708 1099 808 1160 alteris
830 1098 903 1178 pelli
926 1116 975 1177 se,
998 1098 1099 1160 alteris

59 1209 67 1224 ·
89 1202 147 1245 non
168 1199 223 1262 pro
246 1199 299 1261 spe
319 1185 487 1244 meritorum
510 1185 630 1246 tractari
645 1184 845 1264 querentibus.
884 1183 949 1259 Quo
965 1181 1140 1263 temporali

89 1269 122 1329 t..
138 1267 294 1327 Antonium
310 1267 414 1327 fiducia
433 1270 616 1344 consulatus,
633 1288 718 1347 quem
735 1269 877 1348 gerebat,
895 1287 930 1330 ac
947 1269 1096 1330 fraternae

92 1352 241 1431 potentiae
256 1367 306 1406 res
319 1366 412 1408 novas
425 1350 592 1409 molientem
607 1353 768 1428 confugere
788 1354 938 1413 Perusiam
951 1354 1052 1430 coegit
1067 1359 1097 1412 et

95 1434 132 1494 ad
151 1431 326 1491 deditionem
347 1430 423 1488 fame
445 1432 599 1508 compulit,
627 1442 797 1491 nontamen
818 1437 880 1492 siue
904 1438 1016 1509 magnis
1037 1436 1097 1493 suis

59 1525 127 1578 1cet
142 1522 208 1575 ante
229 1512 338 1572 bellum
358 1521 388 1571 et
407 1514 435 1572 in
455 1512 534 1573 bello
552 1511 773 1573 discriminibus.
809 1514 882 1572 Nam
898 1533 961 1573 cum
984 1522 1098 1591 specta·

22 1594 27 1602 ’
97 1599 163 1660 culo
178 1596 310 1658 ludorum
326 1599 494 1674 gregarium
513 1596 633 1657 militem
655 1598 684 1656 in
706 1595 935 1676 quattuordecim
953 1597 1099 1657 ordinibus

95 1682 246 1744 sedentem
269 1682 392 1742 excitari
413 1700 468 1761 per
483 1683 679 1762 apparitorem
692 1683 844 1757 iussisset,
866 1699 982 1741 rumore
995 1679 1033 1742 ab
1048 1679 1098 1739 ob·

94 1765 302 1829 trectatoribus
318 1764 406 1827 dilato
419 1770 501 1846 quasi
517 1766 639 1828 eundern
653 1786 722 1828 mox
736 1776 766 1827 et
781 1765 982 1827 discruciatum
996 1783 1098 1826 necas·

95 1860 158 1929 set,
183 1853 326 1911 minumum
354 1850 441 1928 afuit,
470 1854 537 1932 quin
561 1855 673 1932 periret
692 1869 836 1912 concursu
851 1861 882 1912 et
900 1851 1098 1930 indignatione

58 1957 85 1999 ao
96 1935 199 1997 turbae
214 1935 355 1995 militaris.
387 1936 478 1996 Saluti
492 1937 563 2013 fuit,
580 1937 656 2016 quod
671 1938 718 2016 qui
737 1935 956 1997 desiderabatur
975 1942 1098 2015 repente

95 2019 259 2097 comparuit
274 2018 424 2078 incolumis
439 2037 473 2079 ac
490 2023 553 2080 sine
568 2022 678 2081 iniuria.
714 2019 801 2081 Circa
822 2019 990 2082 Perusinum
1004 2028 1099 2081 autern

94 2120 205 2164 murum
218 2102 386 2161 sacrificans
400 2120 494 2180 paene
508 2106 688 2183 interceptus
705 2114 750 2164 est
765 2123 781 2165 a
797 2122 880 2164 mann
894 2106 1097 2182 gladiatorum,

95 2205 170 2268 quae
187 2185 296 2264 oppido
313 2194 459 2264 eruperat.
487 2186 607 2248 Perusia
623 2190 751 2266 captain
767 2189 906 2268 plurimos
919 2189 1097 2249 animadver·
1107 2187 1141 2240 15

95 2275 148 2349 tit,
163 2289 248 2332 orare
264 2271 377 2330 veniam
393 2270 440 2330 vel
456 2289 598 2332 excusare
613 2290 645 2331 se
660 2272 829 2332 conantibus
840 2291 896 2333 una
910 2289 986 2332 voce
998 2289 1099 2332 occur·

56 2374 182 2433 aurens,
203 2354 395 2416 moriendum
416 2373 494 2416 csse.
529 2355 664 2416 Scribunt
681 2356 808 2436 quidam,
832 2365 983 2418 trecentos
998 2373 1036 2415 ex
1051 2352 1100 2413 de·

96 2441 203 2502 diticiis
214 2439 331 2500 electos
346 2442 494 2520 utriusque
507 2440 615 2500 ordinis
629 2441 665 2501 ad
682 2460 760 2502 aram
768 2441 925 2502 Divolulio
941 2447 1101 2502 extructam

95 2524 195 2588 Idibus
208 2524 319 2584 Martiis
334 2524 492 2585 hostiarum
505 2543 587 2585 more
602 2535 752 2587 mactatos.
790 2526 956 2587 Extiterunt
980 2525 1027 2604 qui
1043 2531 1100 2583 tra-

97 2611 217 2686 derent,
240 2618 384 2688 conpecto
401 2627 466 2670 eum
480 2610 515 2670 ad
536 2628 615 2670 arma
630 2612 705 2687 isse,
728 2619 758 2670 ut
773 2611 881 2672 occulti
896 2609 1054 2671 adversarii
1071 2615 1101 2668 et

98 2712 172 2774 quos
185 2702 280 2753 metus
293 2696 385 2770 magis
401 2712 485 2773 quarn
500 2695 634 2756 voluntas
645 2696 824 2773 contineret,
841 2695 979 2756 facultate
992 2694 1024 2755 L.
1040 2691 1099 2752 An·

61 2779 160 2840 actoni
176 2777 256 2838 ducis
275 2777 421 2857 praebita,
443 2780 650 2858 detegerentur
664 2779 846 2859 devictisque
868 2782 893 2839 is
908 2788 938 2844 et
960 2779 1099 2840 confisca-

97 2865 150 2940 tis,
165 2864 308 2942 promissa
323 2866 469 2924 veteranis
482 2866 611 2944 praemia
625 2864 875 2965 persolverentur.

162 2947 290 3008 Siculum
304 2946 412 3007 bellum
432 2949 605 3011 inchoavit'
596 2969 626 3009 nn
641 2951 755 3029 primis,
776 2949 828 3009 sed
845 2949 892 3009 diu
908 2947 995 3007 traxit
1012 2947 1144 3010 inter-16

98 3032 215 3092 missum
232 3033 367 3111 saepius,
387 3033 473 3094 modo
491 3034 717 3114 reparandarum
738 3034 874 3094 classium
896 3049 1000 3108 causa,
1030 3044 1102 3107 quas

99 3115 319 3195 tempestatibus
335 3116 442 3196 duplici
456 3118 608 3196 naufragio
623 3128 652 3179 et
675 3118 788 3199 quidem
809 3137 863 3199 per
879 3124 1018 3179 aestatem
1034 3112 1099 3172 anri·

64 3218 90 3262 as
100 3209 195 3279 serat,
211 3201 296 3261 modo
310 3219 384 3280 pace
397 3202 474 3263 facta
481 3203 649 3281 ,flagitante
662 3204 771 3282 populo
787 3203 824 3263 ob
836 3203 1011 3263 interclusos
1024 3214 1099 3259 com-

99 3247 210 3346 meatds
226 3287 387 3366 famemque
402 3289 670 3364 ingravescentem
686 3287 780 3349 donec
795 3288 917 3348 navibus
933 3304 971 3347 en
985 3287 1099 3360 integro

100 3369 250 3430 fabricatis
265 3388 299 3431 ac
311 3373 413 3449 viginti
428 3389 578 3432 servorum
588 3372 702 3433 milibus
708 3374 888 3433 manumissis
903 3381 932 3432 et
946 3370 981 3430 ad
993 3385 1098 3430 remur·-

102 3452 188 3534 datis,
202 3464 317 3534 portum
327 3455 429 3517 lulium
441 3457 517 3536 apud
529 3455 625 3536 Bnias,
640 3459 758 3517 inmisso
770 3456 956 3516 inbuerinnm
971 3463 999 3514 et
1007 3453 1049 3513 Αι
1057 3476 1089 3511 er·
