2334 3870
474 176 504 224 ο.
527 176 712 255 cumcunl.
1039 170 1097 231 121

96 330 245 407 'gistanum
268 332 458 408 abstinuisse,
478 334 555 411 quod
580 334 655 413 apud
678 333 801 394 Parthos
823 336 910 396 iustiti
932 338 1022 398 instar
1043 345 1097 398 est.

103 414 213 475 Romae
228 416 352 494 quidem,
377 433 440 474 cum
456 415 491 476 ad
505 419 622 496 primam
637 419 740 478 lamam
757 418 919 479 valitudinis
934 422 1051 482 attonita
1069 428 1098 481 et
1112 425 1130 482 6

104 507 211 558 maesta
231 501 332 559 civitas
353 502 500 576 sequentis
515 503 627 562 nuntios
645 504 842 582 opperiretur,
861 512 1026 582 strepente
1041 506 1095 564 iam

104 584 218 660 vesperi
229 586 347 643 incertis
359 583 524 644 auctoribus
536 585 718 646 convaluisse
730 586 844 647 tandem
853 586 1096 665 precrebrnisset,

78 668 208 744 spassim
233 685 296 726 cum
320 666 470 725 luminibus
490 677 519 727 et
540 670 662 729 victimis
683 671 711 728 in
731 669 904 748 Capitolium
927 687 1097 730 concursum

101 760 146 808 est
161 768 196 809 ac
219 768 312 827 paene
336 749 471 810 reuolsae
494 752 594 830 templi
609 753 706 827 iores,
727 772 763 812 ne
778 753 844 832 quid
859 755 1013 831 gestientis
1030 763 1099 814 vota

100 832 224 891 reddere
246 842 422 909 moraretur,
446 836 707 913 expergefactuse
729 853 828 895 somno
850 837 983 897 'liberius
1001 846 1097 915 gratu·

102 915 218 977 lantiam
233 916 354 976 vocibus
371 926 455 996 atque
472 919 597 997 undique
615 919 839 978 concinentium:

174 999 273 1060 Solae
287 1001 398 1078 Romo,
414 1003 507 1063 saiva
522 1004 643 1081 patrio,
661 1002 769 1062 soloas
785 1008 831 1063 est
841 1001 1050 1065 Germanicus.

62 1082 136 1145 toEt
151 1093 180 1143 ut
203 1085 313 1144 demum
335 1085 395 1145 lato
417 1085 545 1146 iunctum
564 1088 659 1167 palam
683 1087 790 1146 lactum
817 1096 876 1163 est,
902 1104 960 1145 non
987 1088 1096 1149 solatiis

98 1168 178 1244 ullis,
199 1186 257 1228 non
272 1169 375 1228 edictis
391 1170 512 1231 inhiberi
534 1171 629 1232 luctus
645 1170 778 1249 publicus
794 1172 904 1251 potuit,
929 1170 1096 1251 duravitque

98 1254 182 1313 etiam
198 1271 251 1330 per
265 1254 358 1312 festos
375 1253 544 1315 Decembris
563 1257 671 1316 mensis
689 1255 761 1316 dies.
805 1256 894 1316 Auxit
909 1255 1033 1333 gloriam
1045 1256 1094 1316 de·

97 1336 290 1411 sideriumque
316 1336 442 1394 deiunoti
464 1347 493 1396 et
520 1340 660 1397 atrocitas
685 1341 893 1417 insequentium
922 1348 1093 1419 temporum,

100 1419 211 1477 cunctis
234 1434 290 1474 neo
310 1426 420 1475 temere
442 1420 625 1495 opinantibus
645 1424 809 1480 reverentia
824 1425 886 1480 eius
902 1441 936 1481 ac
954 1433 1031 1482 metu
1047 1441 1093 1482 re·

63 1517 231 1579 inpressam
253 1499 350 1559 Tiberi
373 1502 539 1574 saevitiam,
570 1517 645 1578 quae
665 1517 733 1558 mox
755 1504 891 1578 eruperit.
935 1503 1040 1561 Habuit
1067 1505 1126 1567 int

99 1584 278 1643 matrimonio
296 1583 496 1661 Agrippinam,
511 1583 549 1644 Μ.
568 1583 720 1661 Agrippae
736 1592 764 1642 et
777 1581 866 1643 Iuliae
883 1584 985 1660 liliam,
1007 1594 1036 1644 et
1057 1604 1096 1646 ex

98 1687 133 1728 ea
150 1686 254 1727 novem
276 1667 385 1727 liberos
408 1668 485 1727 tulit:
517 1685 636 1746 quorum
656 1666 713 1727 duo
740 1666 864 1726 infantes
890 1666 982 1727 adbuc
1008 1673 1094 1747 rapti,

96 1771 168 1811 unus
185 1755 238 1812 iarn
255 1770 432 1830 puerascens
449 1753 554 1829 insigni
569 1751 737 1827 festivitate,
756 1751 835 1810 cuius
853 1751 981 1828 effigiem
997 1751 1095 1812 babitu

98 1834 245 1914 Cupidinis
261 1838 288 1894 in
300 1836 372 1896 aede
390 1834 570 1915 Capitolinae
587 1839 711 1897 Veneris
726 1835 805 1895 Livia
824 1835 977 1913 dedicavit,
995 1835 1093 1913 Augu·

59 1939 86 1979 ao
99 1929 160 1979 stus
172 1923 199 1978 in
216 1919 349 1980 cubiculo
367 1938 419 1979 suo
437 1924 570 1998 positam,
591 1921 783 1999 quotiensque
798 1920 946 1996 introiret,
970 1937 1094 1980 exoscu-

97 2004 223 2070 labatur;
242 2006 332 2063 ceteri
351 2006 523 2081 superstites
538 2007 612 2083 patri
629 2004 752 2079 fuerunt,
773 2012 833 2062 tres
850 2022 937 2064 sexus
952 2005 1092 2081 feminini,

96 2088 258 2165 Agrippina
272 2086 397 2146 Drusilla
417 2086 531 2163 Liuilla,-
554 2089 689 2146 continuo
711 2088 834 2146 triennio
853 2096 950 2157 natas;
974 2089 1093 2149 totidem

95 2190 201 2246 mares,
225 2170 306 2230 Nero
328 2180 357 2229 et
375 2170 486 2229 Drusus
504 2179 532 2229 et
550 2169 583 2230 C.
602 2169 721 2230 Caesar.
751 2168 898 2229 Neronem
920 2180 948 2230 et
971 2171 1094 2232 Drusum

96 2264 213 2315 senatus
229 2255 346 2315 'liberio
366 2256 531 2314 criminante
543 2254 642 2313 hostes
658 2254 801 2314 iudicavit.

58 2355 86 2394 as
160 2338 193 2399 G.
207 2337 317 2399 Caesar
331 2349 412 2398 natus
429 2347 473 2398 est
485 2338 576 2416 pridie
592 2337 638 2397 lll.
655 2339 735 2416 Sept.
753 2347 834 2416 patre
851 2356 904 2398 suo
920 2347 950 2397 et
969 2337 1002 2398 G.
1017 2338 1092 2398 Fon·
1107 2347 1126 2404 8

94 2425 153 2483 teio
177 2421 317 2501 Capitone
339 2440 415 2482 coss.
450 2421 507 2484 Ubi
529 2431 610 2483 natus
634 2424 685 2497 sit,
708 2424 847 2481 incertum
867 2422 1020 2482 diversitas
1036 2430 1092 2482 tra·

95 2507 220 2567 dentium
237 2509 316 2567 lacit.
347 2505 406 2566 ott.
424 2506 560 2567 Lentulus
582 2505 747 2567 Gaetulicus
762 2506 858 2566 Tiburi
874 2508 1003 2583 genitum
1021 2507 1092 2565 scri·

95 2592 147 2667 bit,
169 2592 277 2652 Plinius
299 2591 449 2651 Secundus
470 2593 498 2649 in
518 2590 673 2667 Treveris,
708 2592 773 2650 vico
799 2590 979 2650 Ambitaruio
1005 2609 1110 2670 supra¹

96 2673 297 2744 Goniluentes;
315 2676 392 2736 addit
409 2677 493 2735 etiam
510 2693 564 2754 pro
582 2683 763 2752 argumento,
780 2693 845 2734 aras
863 2674 901 2732 ibi
921 2674 1034 2734 ostendi
1050 2676 1091 2735 in-

58 2763 237 2839 soscriptas:
255 2760 297 2820 ob
319 2761 555 2838 Agrippinae
582 2761 829 2838 puerperium.
874 2759 1021 2819 Versiculi
1041 2761 1091 2820 im·

95 2854 214 2922 perante
230 2861 299 2904 mox
314 2862 350 2904 eo
368 2844 506 2921 divulgati
520 2843 595 2922 apud
611 2843 747 2903 hibernas
760 2843 894 2919 legiones
908 2851 1091 2922 procreatum

93 2928 234 2988 indicant:

220 3016 256 3072 Ia
271 3020 371 3072 castris
392 3019 597 3087 maluspanis
611 3020 731 3071 natatus
751 3018 779 3070 in
800 3019 894 3084 ormo,

301 3099 363 3155 Iom
385 3101 520 3171 designati
532 3102 670 3171 principis
691 3114 770 3155 omen
786 3106 856 3154 erat.

58 3182 161 3259 saligo
183 3184 211 3240 in
232 3183 304 3240 actis
323 3180 390 3239 Anti
413 3179 519 3238 editum
537 3181 663 3238 invenio.
709 3178 886 3240 Gaetulicum
907 3177 1016 3237 relellit
1034 3176 1089 3237 Pli-

94 3268 157 3325 nius
180 3265 261 3343 quasi
282 3265 428 3324 mentitum
450 3281 503 3341 per
524 3262 732 3339 adulationem,
753 3272 783 3321 ut
805 3262 839 3322 ad
862 3261 961 3322 laudes
978 3262 1088 3320 iuvenis

93 3349 275 3426 gloriosique
291 3349 430 3427 principis
445 3346 552 3425 aliquid
570 3349 654 3406 etiam
671 3365 708 3406 ex
722 3346 794 3406 urbe
809 3346 928 3406 Herculi
943 3362 1026 3405 sacra
1042 3364 1074 3404 su

92 3442 194 3511 meret,
211 3431 386 3511 abusumque
399 3430 546 3491 audentius
563 3430 713 3491 mandacio
742 3429 817 3492 cuod
836 3439 900 3488 ante-
912 3447 1013 3488 aunum
1024 3429 1078 3488 ie·-
