2286 3862
134 189 196 251 266
388 194 419 243 c.
432 191 623 243 suuuomus
640 188 887 251 uusnoumnus

135 352 346 431 inscribuntur,
377 366 554 430 componere
571 347 706 424 instituit,
726 344 914 427 absolvitque
930 344 959 409 G
979 356 1012 411 et
1028 347 1072 429 Ia,
1104 377 1128 403 ιι

137 442 192 501 bns
209 446 239 500 et
261 434 336 497 ellos
356 434 465 495 diversi
489 434 589 513 operis
604 439 706 513 postea
727 429 845 493 addidit.
882 430 973 493 Fecit
994 441 1025 495 et
1047 451 1102 496 no
1117 461 1139 487 ιι

138 542 231 605 genus
243 529 405 599 togatarum
417 518 621 597 inscripsitque
637 514 719 576 trab
727 532 767 577 eu
775 524 840 577 tas.

101 612 131 666 m
202 608 241 669 ll.
257 604 432 684 Pomponius
452 600 626 677 Marcellus,
649 601 790 661 sermonis
806 598 900 661 Latini
921 606 1040 663 emmor
1052 601 1137 663 nole

140 693 297 769 stissimns,
320 690 349 748 in
374 686 563 748 aduocatione
586 684 707 764 quadam
727 685 808 764 (nam
827 681 977 745 interdu
993 692 1021 745 et
1041 700 1139 746 cansa

140 776 263 856 agebat)
286 772 491 833 soloecismum
514 767 551 830 ab
573 768 741 831 adversario
762 768 868 829 iactum
894 784 993 848 usque
1011 766 1081 829 adeo
1098 787 1140 829 ur-

141 877 232 940 guere
259 856 478 936 perseveravit,
507 854 602 934 quoad
627 852 746 915 cassius
775 852 925 929 Seuerus,
956 848 1142 933 interpellati

139 942 297 1018 iudicibus,
319 939 485 1000 dilationem
500 940 599 1018 petiit,
622 946 653 998 ut
673 937 800 1014 litigetur
821 953 890 998 suus
904 936 996 998 alium
1010 954 1141 1015 grumum

139 1029 227 1088 ticum
249 1024 415 1092 adhiberem
439 1022 563 1103 quamdo
580 1040 641 1084 mon
660 1026 754 1101 putot
769 1020 798 1082 ie
812 1036 881 1083 cum
900 1020 1100 1083 edomeare'o
1119 1020 1139 1081 d

139 1112 209 1172 iure
223 1109 301 1184 eibi,
317 1108 375 1168 aed
388 1106 427 1167 de
441 1106 623 1168 soloecismo
639 1105 882 1167 controversiam
899 1103 1063 1185 futurum.
1103 1105 1136 1166 lli

140 1194 234 1269 idem,
261 1210 323 1251 cum
346 1192 529 1251 exoratione
544 1190 690 1250 Tiberium
710 1188 966 1269 reprehendisset,
991 1190 1142 1253 ailirman

141 1277 229 1338 Ateio
250 1273 409 1355 Capitone,
436 1283 466 1334 et
481 1292 548 1334 esse
565 1273 636 1334 illud
654 1273 800 1352 Latinum,
825 1275 897 1335 etsi
916 1290 979 1337 non
998 1283 1102 1352 essct,
1114 1273 1141 1334 iu

142 1370 234 1423 turum
247 1368 327 1419 certe
340 1360 394 1419 iam
405 1357 487 1419 inde:
503 1357 649 1421 Mentitur
659 1360 750 1438 inquit
762 1356 875 1438 Capito
882 1383 899 1431 ,-
910 1362 944 1421 lu
962 1358 1061 1437 maim,
1079 1357 1139 1421 Oce

141 1462 215 1520 sar,
244 1443 399 1504 civitatem
417 1442 496 1504 dore
513 1450 606 1523 potes
631 1441 818 1519 bominibus,
841 1440 940 1505 verbo
967 1460 1039 1506 mom
1055 1449 1142 1524 pom

142 1528 274 1606 Pugilem
289 1527 356 1588 olim
371 1528 479 1605 luisse,
495 1528 614 1588 Asinius
628 1527 727 1590 Gallus
742 1527 799 1589 boc
814 1529 843 1587 iu
857 1545 921 1588 eum
939 1528 1125 1607 epigramma
1141 1554 1143 1575 ι

144 1611 285 1674 ostendit:

270 1699 326 1768 Qut
340 1707 447 1773 ceput
461 1700 505 1756 od
516 1701 624 1760 leram
639 1701 743 1773 didicit,
758 1701 1016 1774 possemommte

337 1785 491 1857 Praecipit:
506 1801 537 1841 os
550 1787 666 1858 nullum,
682 1786 725 1842 ool
732 1787 825 1858 potius
834 1786 956 1859 puprb'et

101 1867 137 1930 23
208 1867 242 1941 Q.
254 1865 400 1925 Remmius
411 1864 582 1943 Palaemon,
595 1866 766 1942 vicetinus,
781 1864 908 1925 mulieris
919 1883 1033 1944 verna,
1055 1868 1142 1947 primo

144 1958 175 2009 ut
188 1950 300 2024 lerunt,
323 1950 493 2024 textrinum,
512 1948 615 2009 deinde
629 1948 751 2010 herilem
767 1948 855 2009 blium
872 1946 938 2009 dum
955 1951 1134 2012 comitutur‘

144 2031 291 2109 sobolum,
313 2031 425 2093 litteras
449 2031 555 2092 didicit.
590 2033 697 2095 Postea
717 2034 906 2095 manumissus
928 2033 1034 2096 docuit
1047 2034 1138 2097 lloma

145 2135 181 2177 ac
197 2117 357 2196 principem
370 2116 467 2177 locum
480 2117 555 2177 iuter
570 2120 774 2195 grammaticos
797 2117 902 2195 tenuit,
927 2135 1098 2199 quenquam
1117 2135 1136 2178 ιι

144 2200 228 2262 lamis
251 2201 381 2261 omuibus
402 2201 494 2279 uitiis,
522 2201 674 2281 palamque
698 2209 728 2261 et
746 2202 864 2263 'liberio
888 2209 918 2262 et
939 2218 1011 2262 mox
1036 2200 1137 2265 Claudi

145 2284 394 2364 praedicantibus,
422 2284 536 2345 memini
555 2285 656 2346 minoe
674 2285 893 2347 institutionem
909 2302 1088 2365 pomoranos
1109 2302 1143 2347 cr

144 2370 286 2431 iuvenum
300 2368 553 2431 committendum.
583 2368 642 2430 Sed
659 2370 794 2450 capiebat
809 2368 942 2431 bomines
962 2386 1033 2432 cum
1050 2388 1137 2432 mem·

144 2455 187 2513 riu
204 2472 315 2530 rerum,
337 2462 395 2513 tum
410 2452 550 2514 facilitate
571 2454 730 2524 sermonis;
751 2471 808 2514 nec
830 2471 887 2515 non
909 2456 996 2516 etiem
1021 2463 1139 2534 poemat

145 2536 273 2598 iaciebat
298 2556 336 2597 ex
357 2547 499 2617 tempore.
533 2539 658 2617 Scripsit
681 2553 752 2598 vero
773 2539 879 2615 variis,
901 2555 957 2598 neo
980 2538 1134 2619 uulgarib·

148 2622 256 2680 metris.
291 2621 467 2698 Arrogantia
491 2621 544 2682 luit
559 2629 653 2698 tanta,
674 2630 704 2681 ut
717 2621 756 2682 ll.
773 2623 935 2684 Varronem
953 2640 1091 2701 porcum
1107 2641 1137 2684 ιιι

149 2702 288 2783 pellarct;
303 2722 405 2766 secum
421 2711 452 2766 et
463 2712 558 2767 motos
577 2711 605 2766 et
618 2705 788 2767 morituros
805 2705 927 2767 litterae
940 2707 1083 2777 iactarem
1100 2722 1141 2767 mo

145 2804 212 2847 meo
223 2806 311 2850 soom
319 2789 351 2849 in
361 2786 518 2850 Bucolicis
529 2807 591 2851 mora
600 2795 712 2850 temere
718 2790 864 2869 positum,
876 2788 934 2850 aed
937 2806 1129 2871 praesopus

149 2870 294 2951 Virpilu‘o,
313 2871 386 2950 fore
401 2874 586 2953 quandoque
600 2874 732 2934 omnium
741 2880 907 2953 poetarum
924 2890 965 2935 oe
975 2880 1129 2953 poemata

144 2955 360 3016 Palaemonem
371 2956 511 3019 iudicem.
540 2956 831 3036 Gloriabaturetiem,
844 2957 1128 3038 latronesquomdc

144 3039 208 3100 eibi
224 3045 355 3118 propter
375 3043 508 3103 mominis
532 3041 739 3104 celebritatem
751 3041 905 3120 porcione.
944 3040 1093 3104 Luxuriae
1116 3042 1140 3101 it

144 3122 277 3200 indulsit,
299 3133 329 3183 ut
344 3126 461 3204 saepius
476 3129 504 3186 in
522 3123 571 3188 die
587 3127 716 3202 lavaret,
736 3143 792 3186 uec
807 3126 955 3187 subiceret
979 3125 1140 3207 sumptibu

146 3225 307 3287 quanquam
334 3226 372 3268 ex
393 3209 494 3270 schola
517 3210 713 3290 quadringena
742 3228 833 3271 annua
862 3218 1001 3289 caperet,
1030 3227 1068 3272 ac
1098 3226 1138 3270 no

145 3290 234 3351 multo
249 3295 341 3353 minus
355 3311 393 3353 ex
413 3311 446 3352 re
463 3294 608 3365 familiari;
633 3295 714 3355 cuius
736 3293 973 3372 diligentissimus
989 3302 1070 3373 erat,
1094 3312 1124 3355 ·
1140 3322 1142 3345 ι

146 3381 176 3432 et
192 3374 325 3437 ollioinas
346 3378 568 3456 promercalinm
584 3380 705 3439 uestium
723 3387 897 3456 exerceret,
918 3386 948 3438 et
969 3395 1063 3456 agros
1082 3376 1139 3439 ade

147 3456 275 3537 coleret,
302 3470 332 3521 ut
355 3462 441 3521 vitem
466 3480 549 3522 manu
573 3465 636 3523 cius
661 3464 773 3524 insitam
797 3464 867 3523 satis
889 3470 1005 3523 constet
1027 3460 1143 3525 GCGL
