2334 3870
495 217 599 266 uuae.
990 206 1050 270 193

54 372 189 433 vehicula
204 372 353 453 portandis
366 372 510 432 scaenicis
525 374 663 452 organis,
677 373 912 451 concubinasque
925 392 1050 454 quasse-

57 474 121 518 cum
133 455 270 518 educeret
283 454 421 517 tondendi
434 455 470 516 ad
481 457 594 517 virilem
604 458 720 519 modum
738 466 767 518 et
784 457 936 521 securibus
953 458 1050 539 pellis·

57 560 113 622 que
127 541 312 602 Amazonicis
323 539 491 599 instruendi.
513 541 583 602 blox
598 543 688 603 tribus
704 542 828 603 urbanas
841 541 876 602 ad
889 559 1050 605 sactonen-

55 635 112 685 tum
126 627 238 701 citavit,
254 642 289 684 ac
300 623 380 683 nullo
393 623 499 684 idoneo
511 626 709 704 respondente
730 636 840 687 certum
853 626 975 687 dominis
991 645 1050 686 ser-

27 727 157 771 enorum
167 726 316 768 numerum
327 707 444 777 indixit;
458 726 513 768 nec
525 710 580 769 uisi
593 728 631 770 ex
641 720 702 770 tota
714 713 852 789 cuiusque
863 709 972 772 familia
984 726 1051 788 pro·

53 793 233 867 batissimos,
244 809 281 850 ne
294 791 545 871 dispensatoribus
568 793 682 870 quidem
701 804 748 854 aut
764 793 983 858 amanuensibus
1002 812 1049 854 ex·

56 879 162 955 ceptis,
175 877 297 954 recepit.
330 876 446 937 Partem
459 878 544 938 etiam
557 895 662 938 census
674 891 774 940 omues
787 878 903 940 ordines
916 879 1051 940 conferre

55 962 148 1037 iussit,
167 968 196 1020 et
208 962 326 1039 iusuper
341 960 499 1040 inquilinos
513 962 690 1041 privatarum
710 960 821 1022 aedium
841 971 926 1042 atque
948 963 1052 1022 insula·

54 1064 116 1105 rum
128 1045 297 1123 pensionem
307 1063 429 1105 annuam
440 1048 761 1126 repraesentaretisco;
777 1046 1054 1125 exegitqueiugenti

13 1149 44 1190 ro
53 1127 169 1189 fastidio
184 1138 212 1189 et
225 1128 384 1190 acerbitate
396 1148 537 1190 nummum
550 1149 694 1210 asperum,
707 1140 859 1209 argentum
870 1129 1052 1211 postulatum,

54 1233 152 1275 aurum
173 1212 209 1274 ad
228 1213 397 1290 obrussam,
417 1224 448 1274 ut
463 1215 597 1295 plerique
616 1234 729 1278 ornnem
748 1215 937 1278 collationem
957 1214 1053 1294 palam

53 1307 238 1373 recusarem,
259 1297 598 1379 consensudagitantes,
617 1318 634 1360 a
652 1301 830 1361 delatoribus
846 1301 944 1380 potius
966 1316 1051 1359 revo-

55 1380 148 1442 canda
166 1380 295 1457 praemia
313 1396 511 1457 quaecumque
531 1383 689 1458 cepissent.
721 1383 768 1442 Ex
785 1401 918 1444 annonae
936 1388 1096 1458 quoque45

56 1466 176 1526 caritate
194 1462 317 1522 lucranti
335 1461 466 1520 adcrevit
483 1462 604 1531 invidia;
625 1482 689 1523 nam
707 1473 737 1523 et
751 1466 829 1524 forte
847 1463 962 1538 accidit,
978 1472 1009 1522 ut
1026 1465 1055 1521 in

13 1567 45 1609 rs
55 1548 171 1629 publica
181 1547 258 1607 lame
270 1544 466 1605 Alexandrina
483 1548 566 1605 navis
579 1548 754 1606 nuntiaretur
768 1547 919 1625 pulverem
931 1546 1054 1605 luctato·

54 1633 136 1693 ribus
148 1631 249 1692 aulicis
263 1629 428 1690 advexisse.

120 1717 216 1792 Quare
228 1716 351 1775 omnium
362 1717 391 1773 in
403 1733 436 1774 se
450 1713 518 1775 odio
531 1714 658 1793 incitato,
672 1714 742 1774 nihil
756 1714 993 1777 contumeliarum
1005 1713 1053 1774 de—

55 1803 108 1862 luit
121 1802 189 1881 quin
201 1799 320 1859 subiret.
353 1800 470 1860 Statuae
488 1800 551 1860 eius
567 1819 583 1860 a
601 1802 710 1860 vertice
729 1801 821 1859 cirrus
839 1798 991 1878 appositus
1010 1807 1055 1858 est

56 1905 120 1946 cum
132 1883 323 1962 inscriptione
336 1882 464 1962 Graeca,
482 1904 564 1946 nono
579 1885 697 1946 darsom
713 1902 819 1965 oporto
834 1901 918 1961 aare,
940 1890 970 1944 ct
988 1888 1053 1944 tro-

12 1971 143 2032 coderet
161 1969 303 2030 tamdem!
333 1965 461 2027 Alterius
482 1970 560 2029 collo
583 1989 727 2049 ascopera
752 1969 895 2047 deligata,
913 1969 1053 2048 mmulque

55 2055 169 2116 titulus:
196 2050 264 2132 Epo
284 2051 359 2133 quid
369 2052 480 2149 potui?
502 2052 559 2112 sed
574 2060 606 2114 to
626 2055 755 2116 collecto
775 2053 922 2114 meruisti.
954 2053 1052 2114 Ascri-

55 2150 134 2219 ptum
158 2146 187 2197 et
205 2137 361 2211 columnis,
384 2135 448 2195 iam
472 2136 597 2198 Gallos
621 2157 687 2198 eom
709 2137 866 2199 cantando
888 2138 1052 2198 excitasse

55 2224 115 2285 lam
128 2221 291 2283 noctibus'
283 2221 376 2296 iurgia
395 2238 458 2279 cum
476 2222 571 2280 servis
590 2223 723 2303 plerique
743 2223 927 2300 simulantes,
948 2219 1053 2327 crebro

56 2304 433 2384 Vindicemposoebant

12 2415 44 2454 25
119 2390 297 2452 Terrebatur
309 2387 413 2448 adhoc
425 2389 605 2451 evidentibus
618 2393 760 2469 portentis
773 2393 949 2451 somniorum
962 2397 992 2448 et
1007 2406 1053 2449 au·
1062 2398 1098 2456 46

56 2477 215 2557 spiciorum
233 2482 261 2532 et
282 2459 505 2551 ommuinycum
526 2474 674 2536 veteribus
689 2483 748 2535 tum
768 2477 862 2536 novis
895 2475 1054 2553 Numquam

56 2569 142 2623 antea
154 2560 298 2620 somniare
310 2558 422 2636 solitus,
437 2560 536 2621 occisa
549 2560 661 2620 demum
673 2569 765 2620 matre
776 2561 847 2620 vidit
857 2579 910 2640 per
919 2561 1053 2639 quietem,

54 2664 159 2708 navam
180 2644 236 2705 sibi
254 2644 369 2722 regenti
392 2653 536 2705 extortum
556 2645 800 2723 gubernaculum,
817 2645 949 2723 trahique
968 2662 1000 2704 se
1017 2642 1053 2706 ab

56 2730 176 2791 Octavia
189 2746 281 2789 uxore
294 2729 322 2786 in
333 2729 492 2790 artissimas
508 2731 645 2793 tenebras
660 2738 689 2790 et
706 2729 793 2792 modo
807 2731 985 2809 phrnatarum
995 2727 1053 2788 lor·

14 2833 45 2876 so
55 2816 194 2879 micarum
212 2812 388 2872 multitudine
409 2813 538 2893 oppleri,
560 2815 647 2876 modo
665 2833 682 2874 a
700 2815 861 2876 simulacris
878 2813 1007 2892 gentium
1019 2812 1054 2874 ad

55 2900 177 2978 Pompei
190 2897 331 2958 theatrum
343 2896 536 2959 dedicatarum
550 2899 693 2961 circumiri
706 2899 859 2978 arcerique
877 2914 1053 2978 progressu;

55 2991 253 3058 asturconem,
267 2998 324 3058 quo
337 2983 460 3042 maxime
470 2982 640 3062 laetabatur,
651 2984 817 3063 posteriore
827 2984 963 3062 corporis
972 2988 1054 3062 parte

55 3071 86 3130 in
104 3069 204 3129 simiae
224 3065 355 3145 speciem
372 3067 615 3146 transfiguratum,
637 3086 672 3128 ac
689 3078 796 3129 tantum
819 3069 915 3147 eapite
939 3069 1054 3146 integro

55 3153 181 3214 hinnitus
194 3150 282 3210 edere
296 3167 433 3210 canoros.
464 3149 509 3211 De
521 3152 685 3230 Mausoleo,
699 3162 804 3232 sponte
819 3153 931 3215 loribus
944 3150 1054 3231 patela-

14 3262 47 3306 35
59 3237 124 3315 ctis,
137 3235 269 3297 exaudita
278 3252 338 3294 vox
352 3244 397 3295 est
408 3235 523 3297 nomine
534 3256 597 3298 eum
607 3240 719 3298 cientis.
735 3237 781 3299 lll.
791 3237 851 3300 lan.
861 3238 994 3299 exornati
1001 3235 1053 3301 La·

57 3322 145 3383 resin
157 3322 222 3400 ipso
235 3320 369 3380 sacrificii
382 3329 523 3400 apparatu
541 3323 745 3394 conciderunt;
764 3324 924 3403 auspicanti
942 3322 1054 3401 Sporus

58 3406 172 3468 anulum
189 3405 298 3465 muneri
315 3404 431 3484 optulit,
448 3407 529 3467 cuius
546 3426 679 3487 gemmae
698 3408 845 3488 sculptura
861 3416 923 3469 erat
934 3407 1052 3468 Proser-

57 3490 144 3571 pinae
156 3499 271 3569 raptum
283 3497 418 3551 votorum
430 3493 653 3574 nuncupatione,
669 3510 774 3572 magna
785 3494 841 3555 iarn
854 3493 984 3554 ordinum
996 3493 1051 3552 ire·

108 3594 262 3637 annuemus.
849 3576 887 3640 13
