<?xml version="1.0" encoding="UTF-8"?>
<!DOCTYPE html PUBLIC "-//W3C//DTD XHTML 1.0 Transitional//EN"
    "http://www.w3.org/TR/xhtml1/DTD/xhtml1-transitional.dtd">
<html xmlns="http://www.w3.org/1999/xhtml" xml:lang="en" lang="en">
 <head>
  <title>
</title>
<meta http-equiv="Content-Type" content="text/html;charset=utf-8" />
  <meta name='ocr-system' content='tesseract 3.04.00' />
  <meta name='ocr-capabilities' content='ocr_page ocr_carea ocr_par ocr_line ocrx_word'/>
</head>
<body>
  <div class='ocr_page' id='page_1' title='image "./csuetonitranqui00trangoog_0332.png"; bbox 0 0 2286 3862; ppageno 0'>
   <div class='ocr_carea' id='block_1_1' title="bbox 381 181 1086 244">
    <p class='ocr_par' dir='ltr' id='par_1_1' title="bbox 381 181 1086 244">
     <span class='ocr_line' id='line_1_1' title="bbox 381 181 1086 244; baseline 0.007 -6"><span class='ocrx_word' id='word_1_1' title='bbox 381 185 390 200; x_wconf 83' lang='grc'><em>·</em></span> <span class='ocrx_word' id='word_1_2' title='bbox 455 193 739 244; x_wconf 77' lang='lat' dir='ltr'><strong>vrunnmus.</strong></span> <span class='ocrx_word' id='word_1_3' title='bbox 1027 181 1086 244; x_wconf 83' lang='lat'><strong>221</strong></span> 
     </span>
    </p>
   </div>
   <div class='ocr_carea' id='block_1_2' title="bbox 53 345 1133 3547">
    <p class='ocr_par' dir='ltr' id='par_1_2' title="bbox 53 345 1133 3547">
     <span class='ocr_line' id='line_1_2' title="bbox 92 345 1089 428; baseline 0.002 -20"><span class='ocrx_word' id='word_1_4' title='bbox 92 357 188 408; x_wconf 92' lang='lat' dir='ltr'><strong>torum</strong></span> <span class='ocrx_word' id='word_1_5' title='bbox 203 345 491 427; x_wconf 90' lang='lat' dir='ltr'><strong>publicanorumque,</strong></span> <span class='ocrx_word' id='word_1_6' title='bbox 510 348 557 425; x_wconf 94' lang='lat' dir='ltr'><strong>qni</strong></span> <span class='ocrx_word' id='word_1_7' title='bbox 572 367 705 428; x_wconf 87' lang='lat' dir='ltr'><strong>umquam</strong></span> <span class='ocrx_word' id='word_1_8' title='bbox 721 368 754 410; x_wconf 87' lang='lat' dir='ltr'><strong>sc</strong></span> <span class='ocrx_word' id='word_1_9' title='bbox 770 359 816 411; x_wconf 91' lang='lat' dir='ltr'><strong>aut</strong></span> <span class='ocrx_word' id='word_1_10' title='bbox 831 348 942 410; x_wconf 87' lang='lat' dir='ltr'><strong>Romae</strong></span> <span class='ocrx_word' id='word_1_11' title='bbox 962 348 1089 411; x_wconf 85' lang='lat' dir='ltr'><strong>debitum</strong></span> 
     </span>
     <span class='ocr_line' id='line_1_3' title="bbox 95 429 1089 514; baseline 0.003 -22"><span class='ocrx_word' id='word_1_12' title='bbox 95 441 142 493; x_wconf 90' lang='lat' dir='ltr'><strong>aut</strong></span> <span class='ocrx_word' id='word_1_13' title='bbox 156 435 184 492; x_wconf 93' lang='lat' dir='ltr'><strong>in</strong></span> <span class='ocrx_word' id='word_1_14' title='bbox 198 432 244 491; x_wconf 86' lang='lat' dir='ltr'><strong>via</strong></span> <span class='ocrx_word' id='word_1_15' title='bbox 259 430 419 510; x_wconf 90' lang='lat' dir='ltr'><strong>portorium</strong></span> <span class='ocrx_word' id='word_1_16' title='bbox 434 429 626 511; x_wconf 81' lang='lat' dir='ltr'><strong>flagitassent,</strong></span> <span class='ocrx_word' id='word_1_17' title='bbox 642 435 691 493; x_wconf 85' lang='lat' dir='ltr'><strong>vix</strong></span> <span class='ocrx_word' id='word_1_18' title='bbox 705 434 757 495; x_wconf 94' lang='lat' dir='ltr'><strong>ulli</strong></span> <span class='ocrx_word' id='word_1_19' title='bbox 770 434 917 514; x_wconf 87' lang='lat' dir='ltr'><strong>pepercit;</strong></span> <span class='ocrx_word' id='word_1_20' title='bbox 935 434 1089 513; x_wconf 89' lang='lat' dir='ltr'><strong>exquibus</strong></span> 
     </span>
     <span class='ocr_line' id='line_1_4' title="bbox 95 513 1088 598; baseline 0.003 -23"><span class='ocrx_word' id='word_1_21' title='bbox 95 515 236 596; x_wconf 83' lang='lat' dir='ltr'><strong>quendam</strong></span> <span class='ocrx_word' id='word_1_22' title='bbox 263 515 291 574; x_wconf 93' lang='lat' dir='ltr'><strong>in</strong></span> <span class='ocrx_word' id='word_1_23' title='bbox 317 514 382 594; x_wconf 91' lang='lat' dir='ltr'><strong>ipsa</strong></span> <span class='ocrx_word' id='word_1_24' title='bbox 409 513 582 576; x_wconf 89' lang='lat' dir='ltr'><strong>salutatione</strong></span> <span class='ocrx_word' id='word_1_25' title='bbox 608 517 752 598; x_wconf 87' lang='lat' dir='ltr'><strong>supplicio</strong></span> <span class='ocrx_word' id='word_1_26' title='bbox 779 517 912 579; x_wconf 92' lang='lat' dir='ltr'><strong>traditum</strong></span> <span class='ocrx_word' id='word_1_27' title='bbox 937 519 1088 597; x_wconf 77' lang='lat' dir='ltr'><strong>statimque</strong></span> 
     </span>
     <span class='ocr_line' id='line_1_5' title="bbox 93 598 1090 681; baseline 0.001 -21"><span class='ocrx_word' id='word_1_28' title='bbox 93 608 274 676; x_wconf 86' lang='lat' dir='ltr'><strong>revocatum,</strong></span> <span class='ocrx_word' id='word_1_29' title='bbox 295 599 406 657; x_wconf 90' lang='lat' dir='ltr'><strong>cunctis</strong></span> <span class='ocrx_word' id='word_1_30' title='bbox 422 598 603 660; x_wconf 87' lang='lat' dir='ltr'><strong>clementiam</strong></span> <span class='ocrx_word' id='word_1_31' title='bbox 622 601 819 681; x_wconf 76' lang='lat' dir='ltr'><strong>laudantibus,</strong></span> <span class='ocrx_word' id='word_1_32' title='bbox 845 620 943 663; x_wconf 87' lang='lat' dir='ltr'><strong>coram</strong></span> <span class='ocrx_word' id='word_1_33' title='bbox 967 601 1090 662; x_wconf 82' lang='lat' dir='ltr'><strong>interfici</strong></span> 
     </span>
     <span class='ocr_line' id='line_1_6' title="bbox 67 681 1089 766; baseline -0.003 -18"><span class='ocrx_word' id='word_1_34' title='bbox 67 685 186 762; x_wconf 82' lang='lat' dir='ltr'><strong>sinssit,</strong></span> <span class='ocrx_word' id='word_1_35' title='bbox 203 683 282 743; x_wconf 88' lang='lat' dir='ltr'><strong>velle</strong></span> <span class='ocrx_word' id='word_1_36' title='bbox 294 700 326 741; x_wconf 91' lang='lat' dir='ltr'><strong>se</strong></span> <span class='ocrx_word' id='word_1_37' title='bbox 345 681 445 742; x_wconf 89' lang='lat' dir='ltr'><strong>dicens</strong></span> <span class='ocrx_word' id='word_1_38' title='bbox 460 701 596 762; x_wconf 77' lang='lat' dir='ltr'><strong>poscere</strong></span> <span class='ocrx_word' id='word_1_39' title='bbox 611 686 738 758; x_wconf 84' lang='lat' dir='ltr'><strong>oeulos;</strong></span> <span class='ocrx_word' id='word_1_40' title='bbox 754 687 874 748; x_wconf 88' lang='lat' dir='ltr'><strong>alterins</strong></span> <span class='ocrx_word' id='word_1_41' title='bbox 888 703 1003 766; x_wconf 88' lang='lat' dir='ltr'><strong>poenae</strong></span> <span class='ocrx_word' id='word_1_42' title='bbox 1016 685 1089 746; x_wconf 90' lang='lat' dir='ltr'><strong>dnos</strong></span> 
     </span>
     <span class='ocr_line' id='line_1_7' title="bbox 93 765 1089 849; baseline 0 -21"><span class='ocrx_word' id='word_1_43' title='bbox 93 767 168 829; x_wconf 85' lang='lat' dir='ltr'><strong>tilios</strong></span> <span class='ocrx_word' id='word_1_44' title='bbox 187 766 293 828; x_wconf 87' lang='lat' dir='ltr'><strong>adiecit</strong></span> <span class='ocrx_word' id='word_1_45' title='bbox 314 765 467 846; x_wconf 85' lang='lat' dir='ltr'><strong>deprecari</strong></span> <span class='ocrx_word' id='word_1_46' title='bbox 491 785 546 848; x_wconf 92' lang='lat' dir='ltr'><strong>pro</strong></span> <span class='ocrx_word' id='word_1_47' title='bbox 567 778 650 848; x_wconf 86' lang='lat' dir='ltr'><strong>patre</strong></span> <span class='ocrx_word' id='word_1_48' title='bbox 673 779 803 831; x_wconf 88' lang='lat' dir='ltr'><strong>conatos.</strong></span> <span class='ocrx_word' id='word_1_49' title='bbox 832 769 892 831; x_wconf 86' lang='lat' dir='ltr'><strong>Sed</strong></span> <span class='ocrx_word' id='word_1_50' title='bbox 913 779 942 830; x_wconf 91' lang='lat' dir='ltr'><strong>et</strong></span> <span class='ocrx_word' id='word_1_51' title='bbox 962 771 1089 849; x_wconf 88' lang='lat' dir='ltr'><strong>equitem</strong></span> 
     </span>
     <span class='ocr_line' id='line_1_8' title="bbox 91 850 1090 933; baseline 0.001 -21"><span class='ocrx_word' id='word_1_52' title='bbox 91 852 128 912; x_wconf 85' lang='lat' dir='ltr'><strong>R.</strong></span> <span class='ocrx_word' id='word_1_53' title='bbox 146 850 388 930; x_wconf 84' lang='lat' dir='ltr'><strong>proclamantem,</strong></span> <span class='ocrx_word' id='word_1_54' title='bbox 405 868 468 910; x_wconf 91' lang='lat' dir='ltr'><strong>cum</strong></span> <span class='ocrx_word' id='word_1_55' title='bbox 490 862 643 931; x_wconf 84' lang='lat' dir='ltr'><strong>raperetur</strong></span> <span class='ocrx_word' id='word_1_56' title='bbox 666 853 701 914; x_wconf 94' lang='lat' dir='ltr'><strong>ad</strong></span> <span class='ocrx_word' id='word_1_57' title='bbox 723 871 860 933; x_wconf 90' lang='lat' dir='ltr'><strong>poenam:</strong></span> <span class='ocrx_word' id='word_1_58' title='bbox 885 853 984 916; x_wconf 81' lang='lat' dir='ltr'><strong>Hares</strong></span> <span class='ocrx_word' id='word_1_59' title='bbox 1004 871 1090 914; x_wconf 80' lang='lat' dir='ltr'><strong>meua</strong></span> 
     </span>
     <span class='ocr_line' id='line_1_9' title="bbox 93 934 1089 1016; baseline 0.001 -21"><span class='ocrx_word' id='word_1_60' title='bbox 93 937 146 995; x_wconf 82' lang='lat' dir='ltr'><strong>eo!</strong></span> <span class='ocrx_word' id='word_1_61' title='bbox 160 934 300 995; x_wconf 85' lang='lat' dir='ltr'><strong>exhibere</strong></span> <span class='ocrx_word' id='word_1_62' title='bbox 312 936 475 995; x_wconf 88' lang='lat' dir='ltr'><strong>testamenti</strong></span> <span class='ocrx_word' id='word_1_63' title='bbox 488 935 601 996; x_wconf 92' lang='lat' dir='ltr'><strong>tabulas</strong></span> <span class='ocrx_word' id='word_1_64' title='bbox 614 938 723 1016; x_wconf 81' lang='lat' dir='ltr'><strong>coegit,</strong></span> <span class='ocrx_word' id='word_1_65' title='bbox 734 947 822 1016; x_wconf 90' lang='lat' dir='ltr'><strong>utque</strong></span> <span class='ocrx_word' id='word_1_66' title='bbox 833 938 906 1015; x_wconf 79' lang='lat' dir='ltr'><strong>legit</strong></span> <span class='ocrx_word' id='word_1_67' title='bbox 914 937 1089 998; x_wconf 83' lang='lat' dir='ltr'><strong>coheredem</strong></span> 
     </span>
     <span class='ocr_line' id='line_1_10' title="bbox 92 1019 1088 1101; baseline 0 -22"><span class='ocrx_word' id='word_1_68' title='bbox 92 1019 148 1079; x_wconf 94' lang='lat' dir='ltr'><strong>sibi</strong></span> <span class='ocrx_word' id='word_1_69' title='bbox 163 1019 297 1079; x_wconf 88' lang='lat' dir='ltr'><strong>libertum</strong></span> <span class='ocrx_word' id='word_1_70' title='bbox 314 1021 377 1078; x_wconf 91' lang='lat' dir='ltr'><strong>eius</strong></span> <span class='ocrx_word' id='word_1_71' title='bbox 398 1022 572 1100; x_wconf 85' lang='lat' dir='ltr'><strong>ascriptum,</strong></span> <span class='ocrx_word' id='word_1_72' title='bbox 592 1021 716 1099; x_wconf 80' lang='lat' dir='ltr'><strong>iugulari</strong></span> <span class='ocrx_word' id='word_1_73' title='bbox 733 1041 797 1081; x_wconf 91' lang='lat' dir='ltr'><strong>cum</strong></span> <span class='ocrx_word' id='word_1_74' title='bbox 809 1022 914 1081; x_wconf 90' lang='lat' dir='ltr'><strong>liberto</strong></span> <span class='ocrx_word' id='word_1_75' title='bbox 928 1023 1088 1101; x_wconf 85' lang='lat' dir='ltr'><strong>imperavit.</strong></span> 
     </span>
     <span class='ocr_line' id='line_1_11' title="bbox 53 1102 1090 1186; baseline 0.001 -23"><span class='ocrx_word' id='word_1_76' title='bbox 53 1129 83 1170; x_wconf 84' lang='lat'><strong>10</strong></span> <span class='ocrx_word' id='word_1_77' title='bbox 93 1102 241 1180; x_wconf 82' lang='lat' dir='ltr'><strong>Quosdam</strong></span> <span class='ocrx_word' id='word_1_78' title='bbox 257 1111 286 1163; x_wconf 91' lang='lat' dir='ltr'><strong>et</strong></span> <span class='ocrx_word' id='word_1_79' title='bbox 307 1102 342 1162; x_wconf 90' lang='lat' dir='ltr'><strong>de</strong></span> <span class='ocrx_word' id='word_1_80' title='bbox 363 1102 452 1182; x_wconf 88' lang='lat' dir='ltr'><strong>plebe</strong></span> <span class='ocrx_word' id='word_1_81' title='bbox 472 1103 510 1163; x_wconf 94' lang='lat' dir='ltr'><strong>ob</strong></span> <span class='ocrx_word' id='word_1_82' title='bbox 533 1103 562 1164; x_wconf 94' lang='lat' dir='ltr'><strong>id</strong></span> <span class='ocrx_word' id='word_1_83' title='bbox 582 1106 591 1163; x_wconf 95' lang='lat' dir='ltr'><strong>i</strong></span> <span class='ocrx_word' id='word_1_84' title='bbox 614 1125 675 1166; x_wconf 89' lang='lat' dir='ltr'><strong>sum</strong></span> <span class='ocrx_word' id='word_1_85' title='bbox 717 1105 795 1186; x_wconf 94' lang='lat' dir='ltr'><strong>quod</strong></span> <span class='ocrx_word' id='word_1_86' title='bbox 818 1109 949 1167; x_wconf 91' lang='lat' dir='ltr'><strong>Venetae</strong></span> <span class='ocrx_word' id='word_1_87' title='bbox 969 1105 1090 1166; x_wconf 83' lang='lat' dir='ltr'><strong>factioni</strong></span> 
     </span>
     <span class='ocr_line' id='line_1_12' title="bbox 93 1185 1091 1270; baseline 0.001 -23"><span class='ocrx_word' id='word_1_88' title='bbox 93 1188 173 1248; x_wconf 88' lang='lat' dir='ltr'><strong>clare</strong></span> <span class='ocrx_word' id='word_1_89' title='bbox 188 1186 263 1248; x_wconf 91' lang='lat' dir='ltr'><strong>male</strong></span> <span class='ocrx_word' id='word_1_90' title='bbox 279 1185 420 1266; x_wconf 82' lang='lat' dir='ltr'><strong>dixerant,</strong></span> <span class='ocrx_word' id='word_1_91' title='bbox 435 1189 594 1266; x_wconf 88' lang='lat' dir='ltr'><strong>interemrt,</strong></span> <span class='ocrx_word' id='word_1_92' title='bbox 612 1209 667 1250; x_wconf 92' lang='lat' dir='ltr'><strong>con</strong></span> <span class='ocrx_word' id='word_1_93' title='bbox 681 1201 779 1270; x_wconf 89' lang='lat' dir='ltr'><strong>emptu</strong></span> <span class='ocrx_word' id='word_1_94' title='bbox 794 1192 837 1252; x_wconf 91' lang='lat' dir='ltr'><strong>sui</strong></span> <span class='ocrx_word' id='word_1_95' title='bbox 854 1199 883 1249; x_wconf 86' lang='lat' dir='ltr'><strong>et</strong></span> <span class='ocrx_word' id='word_1_96' title='bbox 896 1208 971 1250; x_wconf 85' lang='lat' dir='ltr'><strong>nova</strong></span> <span class='ocrx_word' id='word_1_97' title='bbox 994 1207 1047 1269; x_wconf 91' lang='lat' dir='ltr'><strong>spe</strong></span> <span class='ocrx_word' id='word_1_98' title='bbox 1062 1187 1091 1248; x_wconf 94' lang='lat' dir='ltr'><strong>id</strong></span> 
     </span>
     <span class='ocr_line' id='line_1_13' title="bbox 93 1271 1090 1354; baseline 0.001 -23"><span class='ocrx_word' id='word_1_99' title='bbox 93 1289 181 1331; x_wconf 90' lang='lat' dir='ltr'><strong>ausos</strong></span> <span class='ocrx_word' id='word_1_100' title='bbox 206 1272 348 1349; x_wconf 87' lang='lat' dir='ltr'><strong>opinatus.</strong></span> <span class='ocrx_word' id='word_1_101' title='bbox 383 1271 479 1332; x_wconf 87' lang='lat' dir='ltr'><strong>Nullis</strong></span> <span class='ocrx_word' id='word_1_102' title='bbox 506 1281 601 1333; x_wconf 89' lang='lat' dir='ltr'><strong>tamen</strong></span> <span class='ocrx_word' id='word_1_103' title='bbox 624 1274 765 1335; x_wconf 83' lang='lat' dir='ltr'><strong>infensior</strong></span> <span class='ocrx_word' id='word_1_104' title='bbox 782 1273 1046 1354; x_wconf 85' lang='lat' dir='ltr'><strong>quamvernaculis</strong></span> <span class='ocrx_word' id='word_1_105' title='bbox 1061 1281 1090 1333; x_wconf 88' lang='lat' dir='ltr'><strong>et</strong></span> 
     </span>
     <span class='ocr_line' id='line_1_14' title="bbox 93 1354 1088 1437; baseline 0.005 -25"><span class='ocrx_word' id='word_1_106' title='bbox 93 1354 311 1429; x_wconf 84' lang='lat' dir='ltr'><strong>mathematicis,</strong></span> <span class='ocrx_word' id='word_1_107' title='bbox 324 1361 355 1411; x_wconf 89' lang='lat' dir='ltr'><strong>ut</strong></span> <span class='ocrx_word' id='word_1_108' title='bbox 372 1357 492 1433; x_wconf 89' lang='lat' dir='ltr'><strong>quisque</strong></span> <span class='ocrx_word' id='word_1_109' title='bbox 509 1354 681 1434; x_wconf 85' lang='lat' dir='ltr'><strong>deferretur,</strong></span> <span class='ocrx_word' id='word_1_110' title='bbox 698 1357 852 1419; x_wconf 91' lang='lat' dir='ltr'><strong>inauditum</strong></span> <span class='ocrx_word' id='word_1_111' title='bbox 873 1360 968 1437; x_wconf 88' lang='lat' dir='ltr'><strong>capite</strong></span> <span class='ocrx_word' id='word_1_112' title='bbox 991 1360 1088 1437; x_wconf 90' lang='lat' dir='ltr'><strong>punie-</strong></span> 
     </span>
     <span class='ocr_line' id='line_1_15' title="bbox 94 1435 1090 1519; baseline 0.002 -22"><span class='ocrx_word' id='word_1_113' title='bbox 94 1439 152 1514; x_wconf 91' lang='lat' dir='ltr'><strong>bat,</strong></span> <span class='ocrx_word' id='word_1_114' title='bbox 170 1435 374 1511; x_wconf 85' lang='lat' dir='ltr'><strong>exacerbatus,</strong></span> <span class='ocrx_word' id='word_1_115' title='bbox 391 1436 467 1515; x_wconf 94' lang='lat' dir='ltr'><strong>quod</strong></span> <span class='ocrx_word' id='word_1_116' title='bbox 481 1448 548 1516; x_wconf 89' lang='lat' dir='ltr'><strong>post</strong></span> <span class='ocrx_word' id='word_1_117' title='bbox 564 1439 689 1499; x_wconf 88' lang='lat' dir='ltr'><strong>edictum</strong></span> <span class='ocrx_word' id='word_1_118' title='bbox 704 1459 794 1517; x_wconf 91' lang='lat' dir='ltr'><strong>suum,</strong></span> <span class='ocrx_word' id='word_1_119' title='bbox 811 1458 868 1519; x_wconf 92' lang='lat' dir='ltr'><strong>quo</strong></span> <span class='ocrx_word' id='word_1_120' title='bbox 883 1441 1001 1500; x_wconf 89' lang='lat' dir='ltr'><strong>iubebat</strong></span> <span class='ocrx_word' id='word_1_121' title='bbox 1016 1443 1090 1499; x_wconf 88' lang='lat' dir='ltr'><strong>intra</strong></span> 
     </span>
     <span class='ocr_line' id='line_1_16' title="bbox 57 1518 1090 1601; baseline -0.005 -15"><span class='ocrx_word' id='word_1_122' title='bbox 57 1521 141 1585; x_wconf 80' lang='lat' dir='ltr'><strong>nelli.</strong></span> <span class='ocrx_word' id='word_1_123' title='bbox 159 1521 223 1582; x_wconf 89' lang='lat' dir='ltr'><strong>Oct.</strong></span> <span class='ocrx_word' id='word_1_124' title='bbox 242 1519 312 1580; x_wconf 89' lang='lat' dir='ltr'><strong>urbe</strong></span> <span class='ocrx_word' id='word_1_125' title='bbox 329 1518 470 1600; x_wconf 87' lang='lat' dir='ltr'><strong>Italiaque</strong></span> <span class='ocrx_word' id='word_1_126' title='bbox 484 1520 676 1582; x_wconf 89' lang='lat' dir='ltr'><strong>mathematici</strong></span> <span class='ocrx_word' id='word_1_127' title='bbox 694 1525 883 1601; x_wconf 80' lang='lat' dir='ltr'><strong>excederent,</strong></span> <span class='ocrx_word' id='word_1_128' title='bbox 900 1525 995 1583; x_wconf 90' lang='lat' dir='ltr'><strong>statim</strong></span> <span class='ocrx_word' id='word_1_129' title='bbox 1007 1522 1090 1581; x_wconf 88' lang='lat' dir='ltr'><strong>libel·</strong></span> 
     </span>
     <span class='ocr_line' id='line_1_17' title="bbox 93 1603 1092 1687; baseline 0.001 -21"><span class='ocrx_word' id='word_1_130' title='bbox 93 1608 138 1667; x_wconf 90' lang='lat' dir='ltr'><strong>lus</strong></span> <span class='ocrx_word' id='word_1_131' title='bbox 154 1607 324 1687; x_wconf 89' lang='lat' dir='ltr'><strong>propositus</strong></span> <span class='ocrx_word' id='word_1_132' title='bbox 343 1613 399 1682; x_wconf 87' lang='lat' dir='ltr'><strong>est,</strong></span> <span class='ocrx_word' id='word_1_133' title='bbox 416 1612 446 1666; x_wconf 88' lang='lat' dir='ltr'><strong>et</strong></span> <span class='ocrx_word' id='word_1_134' title='bbox 458 1603 636 1667; x_wconf 77' lang='lat' dir='ltr'><strong>Chaldaeos</strong></span> <span class='ocrx_word' id='word_1_135' title='bbox 652 1606 766 1683; x_wconf 85' lang='lat' dir='ltr'><strong>dicere,</strong></span> <span class='ocrx_word' id='word_1_136' title='bbox 785 1606 1092 1686; x_wconf 62' lang='lat' dir='ltr'><strong>luminelumine</strong></span> 
     </span>
     <span class='ocr_line' id='line_1_18' title="bbox 96 1689 1088 1753; baseline 0 -1"><span class='ocrx_word' id='word_1_137' title='bbox 96 1690 236 1752; x_wconf 83' lang='lat' dir='ltr'><strong>Vitellius</strong></span> <span class='ocrx_word' id='word_1_138' title='bbox 252 1689 456 1750; x_wconf 77' lang='lat' dir='ltr'><strong>Germanicus</strong></span> <span class='ocrx_word' id='word_1_139' title='bbox 470 1689 554 1751; x_wconf 82' lang='lat' dir='ltr'><strong>intro</strong></span> <span class='ocrx_word' id='word_1_140' title='bbox 570 1691 697 1752; x_wconf 84' lang='lat' dir='ltr'><strong>eundem</strong></span> <span class='ocrx_word' id='word_1_141' title='bbox 714 1690 924 1753; x_wconf 80' lang='lat' dir='ltr'><strong>Calendarum</strong></span> <span class='ocrx_word' id='word_1_142' title='bbox 942 1691 1021 1752; x_wconf 86' lang='lat' dir='ltr'><strong>diem</strong></span> <span class='ocrx_word' id='word_1_143' title='bbox 1037 1709 1088 1752; x_wconf 80' lang='lat' dir='ltr'><strong>cs-</strong></span> 
     </span>
     <span class='ocr_line' id='line_1_19' title="bbox 93 1776 1090 1856; baseline -0.001 -20"><span class='ocrx_word' id='word_1_144' title='bbox 93 1794 186 1856; x_wconf 84' lang='lat' dir='ltr'><strong>quam</strong></span> <span class='ocrx_word' id='word_1_145' title='bbox 200 1781 290 1835; x_wconf 77' lang='lat' dir='ltr'><strong>esset.</strong></span> <span class='ocrx_word' id='word_1_146' title='bbox 325 1776 486 1855; x_wconf 88' lang='lat' dir='ltr'><strong>Suspectus</strong></span> <span class='ocrx_word' id='word_1_147' title='bbox 502 1783 531 1834; x_wconf 90' lang='lat' dir='ltr'><strong>et</strong></span> <span class='ocrx_word' id='word_1_148' title='bbox 548 1776 576 1835; x_wconf 93' lang='lat' dir='ltr'><strong>in</strong></span> <span class='ocrx_word' id='word_1_149' title='bbox 591 1786 684 1836; x_wconf 90' lang='lat' dir='ltr'><strong>morte</strong></span> <span class='ocrx_word' id='word_1_150' title='bbox 696 1778 793 1837; x_wconf 88' lang='lat' dir='ltr'><strong>matris</strong></span> <span class='ocrx_word' id='word_1_151' title='bbox 806 1777 868 1853; x_wconf 83' lang='lat' dir='ltr'><strong>fuit,</strong></span> <span class='ocrx_word' id='word_1_152' title='bbox 887 1779 969 1855; x_wconf 90' lang='lat' dir='ltr'><strong>quasi</strong></span> <span class='ocrx_word' id='word_1_153' title='bbox 983 1793 1090 1854; x_wconf 81' lang='lat' dir='ltr'><strong>aegrae</strong></span> 
     </span>
     <span class='ocr_line' id='line_1_20' title="bbox 93 1859 1091 1940; baseline -0.002 -20"><span class='ocrx_word' id='word_1_154' title='bbox 93 1860 230 1940; x_wconf 88' lang='lat' dir='ltr'><strong>praeberi</strong></span> <span class='ocrx_word' id='word_1_155' title='bbox 247 1860 340 1919; x_wconf 89' lang='lat' dir='ltr'><strong>cibum</strong></span> <span class='ocrx_word' id='word_1_156' title='bbox 357 1859 564 1939; x_wconf 89' lang='lat' dir='ltr'><strong>prohibuisset,</strong></span> <span class='ocrx_word' id='word_1_157' title='bbox 578 1862 753 1922; x_wconf 89' lang='lat' dir='ltr'><strong>vaticinante</strong></span> <span class='ocrx_word' id='word_1_158' title='bbox 771 1860 873 1922; x_wconf 82' lang='lat' dir='ltr'><strong>Cattha</strong></span> <span class='ocrx_word' id='word_1_159' title='bbox 890 1861 1027 1938; x_wconf 89' lang='lat' dir='ltr'><strong>muliere,</strong></span> <span class='ocrx_word' id='word_1_160' title='bbox 1045 1862 1091 1919; x_wconf 92' lang='lat' dir='ltr'><strong>cui</strong></span> 
     </span>
     <span class='ocr_line' id='line_1_21' title="bbox 55 1944 1091 2023; baseline 0.001 -19"><span class='ocrx_word' id='word_1_161' title='bbox 55 1944 172 2004; x_wconf 78' lang='lat' dir='ltr'><strong>arvelut</strong></span> <span class='ocrx_word' id='word_1_162' title='bbox 187 1944 307 2004; x_wconf 89' lang='lat' dir='ltr'><strong>oraculo</strong></span> <span class='ocrx_word' id='word_1_163' title='bbox 322 1944 539 2023; x_wconf 85' lang='lat' dir='ltr'><strong>adquiesoebat,</strong></span> <span class='ocrx_word' id='word_1_164' title='bbox 557 1947 596 2005; x_wconf 91' lang='lat' dir='ltr'><strong>ita</strong></span> <span class='ocrx_word' id='word_1_165' title='bbox 614 1945 726 2006; x_wconf 92' lang='lat' dir='ltr'><strong>demum</strong></span> <span class='ocrx_word' id='word_1_166' title='bbox 745 1947 863 2007; x_wconf 82' lang='lat' dir='ltr'><strong>firmiter</strong></span> <span class='ocrx_word' id='word_1_167' title='bbox 882 1965 916 2006; x_wconf 90' lang='lat' dir='ltr'><strong>ac</strong></span> <span class='ocrx_word' id='word_1_168' title='bbox 933 1944 1091 2005; x_wconf 90' lang='lat' dir='ltr'><strong>diutissime</strong></span> 
     </span>
     <span class='ocr_line' id='line_1_22' title="bbox 85 2028 1114 2108; baseline 0.002 -22"><span class='ocrx_word' id='word_1_169' title='bbox 85 2030 312 2106; x_wconf 79' lang='lat' dir='ltr'><strong>imperaturum,</strong></span> <span class='ocrx_word' id='word_1_170' title='bbox 337 2028 361 2086; x_wconf 93' lang='lat' dir='ltr'><strong>si</strong></span> <span class='ocrx_word' id='word_1_171' title='bbox 385 2037 536 2107; x_wconf 90' lang='lat' dir='ltr'><strong>superstes</strong></span> <span class='ocrx_word' id='word_1_172' title='bbox 559 2032 671 2108; x_wconf 91' lang='lat' dir='ltr'><strong>parenti</strong></span> <span class='ocrx_word' id='word_1_173' title='bbox 693 2033 846 2091; x_wconf 88' lang='lat' dir='ltr'><strong>extitisset.</strong></span> <span class='ocrx_word' id='word_1_174' title='bbox 891 2029 949 2089; x_wconf 79' lang='lat' dir='ltr'><strong>Alii</strong></span> <span class='ocrx_word' id='word_1_175' title='bbox 977 2029 1114 2106; x_wconf 66' lang='lat' dir='ltr'><strong>tradunt,</strong></span> 
     </span>
     <span class='ocr_line' id='line_1_23' title="bbox 93 2110 1091 2190; baseline 0.004 -19"><span class='ocrx_word' id='word_1_176' title='bbox 93 2114 186 2190; x_wconf 88' lang='lat' dir='ltr'><strong>ipsam</strong></span> <span class='ocrx_word' id='word_1_177' title='bbox 208 2110 304 2171; x_wconf 86' lang='lat' dir='ltr'><strong>taedio</strong></span> <span class='ocrx_word' id='word_1_178' title='bbox 328 2113 523 2190; x_wconf 88' lang='lat' dir='ltr'><strong>praesentium</strong></span> <span class='ocrx_word' id='word_1_179' title='bbox 542 2121 571 2172; x_wconf 92' lang='lat' dir='ltr'><strong>et</strong></span> <span class='ocrx_word' id='word_1_180' title='bbox 592 2114 794 2175; x_wconf 90' lang='lat' dir='ltr'><strong>imminentium</strong></span> <span class='ocrx_word' id='word_1_181' title='bbox 814 2123 891 2175; x_wconf 91' lang='lat' dir='ltr'><strong>metu</strong></span> <span class='ocrx_word' id='word_1_182' title='bbox 913 2132 1091 2175; x_wconf 84' lang='lat' dir='ltr'><strong>venenuma</strong></span> 
     </span>
     <span class='ocr_line' id='line_1_24' title="bbox 93 2195 715 2274; baseline 0.003 -18"><span class='ocrx_word' id='word_1_183' title='bbox 93 2196 153 2256; x_wconf 86' lang='lat' dir='ltr'><strong>tilio</strong></span> <span class='ocrx_word' id='word_1_184' title='bbox 171 2196 356 2274; x_wconf 88' lang='lat' dir='ltr'><strong>impetrasse,</strong></span> <span class='ocrx_word' id='word_1_185' title='bbox 375 2195 449 2256; x_wconf 92' lang='lat' dir='ltr'><strong>haud</strong></span> <span class='ocrx_word' id='word_1_186' title='bbox 464 2214 534 2256; x_wconf 91' lang='lat' dir='ltr'><strong>sane</strong></span> <span class='ocrx_word' id='word_1_187' title='bbox 551 2196 715 2258; x_wconf 83' lang='lat' dir='ltr'><strong>difficulter.</strong></span> 
     </span>
     <span class='ocr_line' id='line_1_25' title="bbox 154 2279 1133 2358; baseline 0.001 -18"><span class='ocrx_word' id='word_1_188' title='bbox 154 2279 266 2340; x_wconf 86' lang='lat' dir='ltr'><strong>Octavo</strong></span> <span class='ocrx_word' id='word_1_189' title='bbox 281 2280 395 2358; x_wconf 92' lang='lat' dir='ltr'><strong>imperii</strong></span> <span class='ocrx_word' id='word_1_190' title='bbox 411 2297 511 2340; x_wconf 89' lang='lat' dir='ltr'><strong>mense</strong></span> <span class='ocrx_word' id='word_1_191' title='bbox 527 2281 712 2342; x_wconf 84' lang='lat' dir='ltr'><strong>desciverunt</strong></span> <span class='ocrx_word' id='word_1_192' title='bbox 727 2282 763 2343; x_wconf 92' lang='lat' dir='ltr'><strong>ab</strong></span> <span class='ocrx_word' id='word_1_193' title='bbox 786 2301 822 2344; x_wconf 93' lang='lat' dir='ltr'><strong>eo</strong></span> <span class='ocrx_word' id='word_1_194' title='bbox 846 2283 994 2344; x_wconf 89' lang='lat' dir='ltr'><strong>exercitus</strong></span> <span class='ocrx_word' id='word_1_195' title='bbox 1010 2283 1090 2344; x_wconf 86' lang='lat' dir='ltr'><strong>bloe-</strong></span> <span class='ocrx_word' id='word_1_196' title='bbox 1098 2295 1133 2350; x_wconf 84' lang='lat'><strong>15</strong></span> 
     </span>
     <span class='ocr_line' id='line_1_26' title="bbox 57 2364 1092 2444; baseline -0.006 -13"><span class='ocrx_word' id='word_1_197' title='bbox 57 2389 83 2431; x_wconf 78' lang='lat' dir='ltr'><strong>as</strong></span> <span class='ocrx_word' id='word_1_198' title='bbox 95 2368 200 2426; x_wconf 89' lang='lat' dir='ltr'><strong>siarum</strong></span> <span class='ocrx_word' id='word_1_199' title='bbox 222 2373 308 2444; x_wconf 91' lang='lat' dir='ltr'><strong>atque</strong></span> <span class='ocrx_word' id='word_1_200' title='bbox 329 2364 512 2441; x_wconf 87' lang='lat' dir='ltr'><strong>Pannoniae,</strong></span> <span class='ocrx_word' id='word_1_201' title='bbox 537 2368 605 2425; x_wconf 88' lang='lat' dir='ltr'><strong>item</strong></span> <span class='ocrx_word' id='word_1_202' title='bbox 629 2385 666 2426; x_wconf 87' lang='lat' dir='ltr'><strong>ex</strong></span> <span class='ocrx_word' id='word_1_203' title='bbox 687 2369 883 2428; x_wconf 87' lang='lat' dir='ltr'><strong>transmarinis</strong></span> <span class='ocrx_word' id='word_1_204' title='bbox 906 2367 1040 2429; x_wconf 89' lang='lat' dir='ltr'><strong>Iudaicus</strong></span> <span class='ocrx_word' id='word_1_205' title='bbox 1063 2375 1092 2425; x_wconf 92' lang='lat' dir='ltr'><strong>et</strong></span> 
     </span>
     <span class='ocr_line' id='line_1_27' title="bbox 93 2449 1091 2533; baseline -0.001 -23"><span class='ocrx_word' id='word_1_206' title='bbox 93 2450 265 2526; x_wconf 73' lang='lat' dir='ltr'><strong>Syriaticus,</strong></span> <span class='ocrx_word' id='word_1_207' title='bbox 281 2467 315 2508; x_wconf 90' lang='lat' dir='ltr'><strong>ac</strong></span> <span class='ocrx_word' id='word_1_208' title='bbox 333 2468 402 2529; x_wconf 89' lang='lat' dir='ltr'><strong>pars</strong></span> <span class='ocrx_word' id='word_1_209' title='bbox 418 2451 446 2508; x_wconf 92' lang='lat' dir='ltr'><strong>in</strong></span> <span class='ocrx_word' id='word_1_210' title='bbox 464 2449 592 2510; x_wconf 87' lang='lat' dir='ltr'><strong>absentis</strong></span> <span class='ocrx_word' id='word_1_211' title='bbox 607 2468 676 2528; x_wconf 89' lang='lat' dir='ltr'><strong>pars</strong></span> <span class='ocrx_word' id='word_1_212' title='bbox 692 2453 720 2511; x_wconf 92' lang='lat' dir='ltr'><strong>in</strong></span> <span class='ocrx_word' id='word_1_213' title='bbox 736 2454 898 2533; x_wconf 88' lang='lat' dir='ltr'><strong>praesentis</strong></span> <span class='ocrx_word' id='word_1_214' title='bbox 916 2451 1091 2531; x_wconf 87' lang='lat' dir='ltr'><strong>Vespasiani</strong></span> 
     </span>
     <span class='ocr_line' id='line_1_28' title="bbox 92 2533 1091 2614; baseline 0.001 -20"><span class='ocrx_word' id='word_1_215' title='bbox 92 2533 184 2595; x_wconf 88' lang='lat' dir='ltr'><strong>verba</strong></span> <span class='ocrx_word' id='word_1_216' title='bbox 206 2535 342 2594; x_wconf 88' lang='lat' dir='ltr'><strong>iurarunt.</strong></span> <span class='ocrx_word' id='word_1_217' title='bbox 397 2533 442 2594; x_wconf 79' lang='lat' dir='ltr'><strong>Ad</strong></span> <span class='ocrx_word' id='word_1_218' title='bbox 465 2534 644 2594; x_wconf 85' lang='lat' dir='ltr'><strong>reticendum</strong></span> <span class='ocrx_word' id='word_1_219' title='bbox 666 2554 739 2614; x_wconf 86' lang='lat' dir='ltr'><strong>ergo</strong></span> <span class='ocrx_word' id='word_1_220' title='bbox 763 2546 927 2599; x_wconf 87' lang='lat' dir='ltr'><strong>ceterorum</strong></span> <span class='ocrx_word' id='word_1_221' title='bbox 947 2535 1091 2597; x_wconf 88' lang='lat' dir='ltr'><strong>hominurn</strong></span> 
     </span>
     <span class='ocr_line' id='line_1_29' title="bbox 93 2619 1090 2700; baseline 0 -20"><span class='ocrx_word' id='word_1_222' title='bbox 93 2619 216 2680; x_wconf 91' lang='lat' dir='ltr'><strong>studium</strong></span> <span class='ocrx_word' id='word_1_223' title='bbox 231 2636 265 2678; x_wconf 88' lang='lat' dir='ltr'><strong>ac</strong></span> <span class='ocrx_word' id='word_1_224' title='bbox 279 2619 420 2697; x_wconf 83' lang='lat' dir='ltr'><strong>favorem,</strong></span> <span class='ocrx_word' id='word_1_225' title='bbox 437 2619 507 2679; x_wconf 91' lang='lat' dir='ltr'><strong>nibil</strong></span> <span class='ocrx_word' id='word_1_226' title='bbox 526 2637 583 2679; x_wconf 93' lang='lat' dir='ltr'><strong>non</strong></span> <span class='ocrx_word' id='word_1_227' title='bbox 600 2619 715 2700; x_wconf 91' lang='lat' dir='ltr'><strong>publice</strong></span> <span class='ocrx_word' id='word_1_228' title='bbox 734 2622 925 2700; x_wconf 82' lang='lat' dir='ltr'><strong>privatimque</strong></span> <span class='ocrx_word' id='word_1_229' title='bbox 946 2620 1026 2681; x_wconf 91' lang='lat' dir='ltr'><strong>nullo</strong></span> <span class='ocrx_word' id='word_1_230' title='bbox 1042 2619 1090 2680; x_wconf 92' lang='lat' dir='ltr'><strong>ad-</strong></span> 
     </span>
     <span class='ocr_line' id='line_1_30' title="bbox 92 2703 1091 2785; baseline 0 -21"><span class='ocrx_word' id='word_1_231' title='bbox 92 2704 183 2764; x_wconf 93' lang='lat' dir='ltr'><strong>hibito</strong></span> <span class='ocrx_word' id='word_1_232' title='bbox 201 2703 287 2763; x_wconf 93' lang='lat' dir='ltr'><strong>modo</strong></span> <span class='ocrx_word' id='word_1_233' title='bbox 305 2704 427 2782; x_wconf 86' lang='lat' dir='ltr'><strong>largitus</strong></span> <span class='ocrx_word' id='word_1_234' title='bbox 442 2712 497 2764; x_wconf 88' lang='lat' dir='ltr'><strong>est.</strong></span> <span class='ocrx_word' id='word_1_235' title='bbox 527 2703 671 2764; x_wconf 89' lang='lat' dir='ltr'><strong>Dilectum</strong></span> <span class='ocrx_word' id='word_1_236' title='bbox 690 2723 805 2785; x_wconf 91' lang='lat' dir='ltr'><strong>quoque</strong></span> <span class='ocrx_word' id='word_1_237' title='bbox 825 2723 860 2766; x_wconf 90' lang='lat' dir='ltr'><strong>ea</strong></span> <span class='ocrx_word' id='word_1_238' title='bbox 876 2704 1047 2766; x_wconf 85' lang='lat' dir='ltr'><strong>condicione</strong></span> <span class='ocrx_word' id='word_1_239' title='bbox 1063 2705 1091 2764; x_wconf 91' lang='lat' dir='ltr'><strong>in</strong></span> 
     </span>
     <span class='ocr_line' id='line_1_31' title="bbox 57 2788 1090 2868; baseline 0.002 -22"><span class='ocrx_word' id='word_1_240' title='bbox 57 2806 83 2846; x_wconf 83' lang='lat' dir='ltr'><strong>ao</strong></span> <span class='ocrx_word' id='word_1_241' title='bbox 94 2788 166 2848; x_wconf 92' lang='lat' dir='ltr'><strong>urbe</strong></span> <span class='ocrx_word' id='word_1_242' title='bbox 183 2789 254 2865; x_wconf 80' lang='lat' dir='ltr'><strong>egit,</strong></span> <span class='ocrx_word' id='word_1_243' title='bbox 271 2797 302 2847; x_wconf 95' lang='lat' dir='ltr'><strong>ut</strong></span> <span class='ocrx_word' id='word_1_244' title='bbox 316 2789 488 2849; x_wconf 89' lang='lat' dir='ltr'><strong>voluntariis</strong></span> <span class='ocrx_word' id='word_1_245' title='bbox 504 2807 562 2849; x_wconf 92' lang='lat' dir='ltr'><strong>non</strong></span> <span class='ocrx_word' id='word_1_246' title='bbox 574 2789 659 2850; x_wconf 92' lang='lat' dir='ltr'><strong>modo</strong></span> <span class='ocrx_word' id='word_1_247' title='bbox 672 2791 839 2850; x_wconf 89' lang='lat' dir='ltr'><strong>missionem</strong></span> <span class='ocrx_word' id='word_1_248' title='bbox 851 2799 918 2868; x_wconf 91' lang='lat' dir='ltr'><strong>post</strong></span> <span class='ocrx_word' id='word_1_249' title='bbox 930 2790 1090 2865; x_wconf 85' lang='lat' dir='ltr'><strong>victoriam,</strong></span> 
     </span>
     <span class='ocr_line' id='line_1_32' title="bbox 94 2871 1090 2953; baseline -0.001 -20"><span class='ocrx_word' id='word_1_250' title='bbox 94 2871 146 2933; x_wconf 85' lang='lat' dir='ltr'><strong>sed</strong></span> <span class='ocrx_word' id='word_1_251' title='bbox 162 2872 248 2931; x_wconf 90' lang='lat' dir='ltr'><strong>etiam</strong></span> <span class='ocrx_word' id='word_1_252' title='bbox 264 2880 469 2933; x_wconf 82' lang='lat' dir='ltr'><strong>veteranorum</strong></span> <span class='ocrx_word' id='word_1_253' title='bbox 485 2875 634 2952; x_wconf 88' lang='lat' dir='ltr'><strong>iustaeque</strong></span> <span class='ocrx_word' id='word_1_254' title='bbox 652 2875 771 2934; x_wconf 91' lang='lat' dir='ltr'><strong>militiae</strong></span> <span class='ocrx_word' id='word_1_255' title='bbox 793 2873 945 2935; x_wconf 89' lang='lat' dir='ltr'><strong>commoda</strong></span> <span class='ocrx_word' id='word_1_256' title='bbox 968 2873 1090 2953; x_wconf 91' lang='lat' dir='ltr'><strong>pollice-</strong></span> 
     </span>
     <span class='ocr_line' id='line_1_33' title="bbox 92 2955 1092 3038; baseline 0 -21"><span class='ocrx_word' id='word_1_257' title='bbox 92 2965 181 3017; x_wconf 89' lang='lat' dir='ltr'><strong>retur.</strong></span> <span class='ocrx_word' id='word_1_258' title='bbox 214 2955 337 3032; x_wconf 79' lang='lat' dir='ltr'><strong>Urgenti</strong></span> <span class='ocrx_word' id='word_1_259' title='bbox 357 2956 460 3016; x_wconf 89' lang='lat' dir='ltr'><strong>deinde</strong></span> <span class='ocrx_word' id='word_1_260' title='bbox 476 2966 554 3018; x_wconf 92' lang='lat' dir='ltr'><strong>terra</strong></span> <span class='ocrx_word' id='word_1_261' title='bbox 570 2961 699 3038; x_wconf 89' lang='lat' dir='ltr'><strong>marique</strong></span> <span class='ocrx_word' id='word_1_262' title='bbox 717 2957 793 3018; x_wconf 89' lang='lat' dir='ltr'><strong>hosti</strong></span> <span class='ocrx_word' id='word_1_263' title='bbox 810 2959 877 3018; x_wconf 93' lang='lat' dir='ltr'><strong>hinc</strong></span> <span class='ocrx_word' id='word_1_264' title='bbox 892 2958 1011 3019; x_wconf 83' lang='lat' dir='ltr'><strong>fratrem</strong></span> <span class='ocrx_word' id='word_1_265' title='bbox 1029 2976 1092 3018; x_wconf 91' lang='lat' dir='ltr'><strong>cum</strong></span> 
     </span>
     <span class='ocr_line' id='line_1_34' title="bbox 93 3040 1091 3122; baseline 0 -21"><span class='ocrx_word' id='word_1_266' title='bbox 93 3041 190 3102; x_wconf 87' lang='lat' dir='ltr'><strong>classe</strong></span> <span class='ocrx_word' id='word_1_267' title='bbox 206 3058 242 3101; x_wconf 90' lang='lat' dir='ltr'><strong>ac</strong></span> <span class='ocrx_word' id='word_1_268' title='bbox 256 3040 395 3100; x_wconf 91' lang='lat' dir='ltr'><strong>tironibus</strong></span> <span class='ocrx_word' id='word_1_269' title='bbox 412 3050 440 3102; x_wconf 82' lang='lat' dir='ltr'><strong>et</strong></span> <span class='ocrx_word' id='word_1_270' title='bbox 460 3041 650 3120; x_wconf 85' lang='lat' dir='ltr'><strong>gladiatorum</strong></span> <span class='ocrx_word' id='word_1_271' title='bbox 670 3061 754 3102; x_wconf 91' lang='lat' dir='ltr'><strong>manu</strong></span> <span class='ocrx_word' id='word_1_272' title='bbox 771 3043 925 3122; x_wconf 89' lang='lat' dir='ltr'><strong>opposuit,</strong></span> <span class='ocrx_word' id='word_1_273' title='bbox 948 3042 1015 3102; x_wconf 95' lang='lat' dir='ltr'><strong>hinc</strong></span> <span class='ocrx_word' id='word_1_274' title='bbox 1037 3040 1091 3101; x_wconf 90' lang='lat' dir='ltr'><strong>Be·</strong></span> 
     </span>
     <span class='ocr_line' id='line_1_35' title="bbox 92 3125 1092 3207; baseline 0.001 -22"><span class='ocrx_word' id='word_1_275' title='bbox 92 3127 255 3186; x_wconf 88' lang='lat' dir='ltr'><strong>triacenses</strong></span> <span class='ocrx_word' id='word_1_276' title='bbox 271 3126 373 3203; x_wconf 89' lang='lat' dir='ltr'><strong>copias</strong></span> <span class='ocrx_word' id='word_1_277' title='bbox 388 3134 416 3184; x_wconf 92' lang='lat' dir='ltr'><strong>et</strong></span> <span class='ocrx_word' id='word_1_278' title='bbox 432 3125 536 3196; x_wconf 82' lang='lat' dir='ltr'><strong>duoes3</strong></span> <span class='ocrx_word' id='word_1_279' title='bbox 561 3135 647 3206; x_wconf 90' lang='lat' dir='ltr'><strong>atque</strong></span> <span class='ocrx_word' id='word_1_280' title='bbox 669 3127 776 3206; x_wconf 90' lang='lat' dir='ltr'><strong>ubique</strong></span> <span class='ocrx_word' id='word_1_281' title='bbox 799 3136 846 3188; x_wconf 91' lang='lat' dir='ltr'><strong>ant</strong></span> <span class='ocrx_word' id='word_1_282' title='bbox 868 3135 1022 3207; x_wconf 90' lang='lat' dir='ltr'><strong>superatus</strong></span> <span class='ocrx_word' id='word_1_283' title='bbox 1045 3133 1092 3187; x_wconf 89' lang='lat' dir='ltr'><strong>aut</strong></span> 
     </span>
     <span class='ocr_line' id='line_1_36' title="bbox 54 3209 1089 3291; baseline -0.005 -17"><span class='ocrx_word' id='word_1_284' title='bbox 54 3232 81 3274; x_wconf 77' lang='lat' dir='ltr'><strong>aa</strong></span> <span class='ocrx_word' id='word_1_285' title='bbox 92 3209 238 3291; x_wconf 89' lang='lat' dir='ltr'><strong>proditus,</strong></span> <span class='ocrx_word' id='word_1_286' title='bbox 254 3209 376 3270; x_wconf 88' lang='lat' dir='ltr'><strong>salutem</strong></span> <span class='ocrx_word' id='word_1_287' title='bbox 391 3210 446 3270; x_wconf 91' lang='lat' dir='ltr'><strong>sibi</strong></span> <span class='ocrx_word' id='word_1_288' title='bbox 469 3220 497 3270; x_wconf 88' lang='lat' dir='ltr'><strong>et</strong></span> <span class='ocrx_word' id='word_1_289' title='bbox 519 3210 611 3271; x_wconf 88' lang='lat' dir='ltr'><strong>milies</strong></span> <span class='ocrx_word' id='word_1_290' title='bbox 633 3215 795 3273; x_wconf 88' lang='lat' dir='ltr'><strong>sestertium</strong></span> <span class='ocrx_word' id='word_1_291' title='bbox 819 3230 835 3273; x_wconf 99' lang='lat' dir='ltr'><strong>a</strong></span> <span class='ocrx_word' id='word_1_292' title='bbox 856 3210 958 3273; x_wconf 80' lang='lat' dir='ltr'><strong>Flavio</strong></span> <span class='ocrx_word' id='word_1_293' title='bbox 981 3209 1089 3271; x_wconf 90' lang='lat' dir='ltr'><strong>Sabino</strong></span> 
     </span>
     <span class='ocr_line' id='line_1_37' title="bbox 91 3294 1090 3379; baseline -0.002 -23"><span class='ocrx_word' id='word_1_294' title='bbox 91 3296 267 3373; x_wconf 88' lang='lat' dir='ltr'><strong>Vespasiani</strong></span> <span class='ocrx_word' id='word_1_295' title='bbox 293 3294 383 3355; x_wconf 81' lang='lat' dir='ltr'><strong>fratre</strong></span> <span class='ocrx_word' id='word_1_296' title='bbox 411 3296 539 3375; x_wconf 85' lang='lat' dir='ltr'><strong>pepigit;</strong></span> <span class='ocrx_word' id='word_1_297' title='bbox 575 3299 728 3377; x_wconf 88' lang='lat' dir='ltr'><strong>statimqne</strong></span> <span class='ocrx_word' id='word_1_298' title='bbox 754 3315 807 3379; x_wconf 92' lang='lat' dir='ltr'><strong>pro</strong></span> <span class='ocrx_word' id='word_1_299' title='bbox 837 3296 976 3376; x_wconf 79' lang='lat' dir='ltr'><strong>gradibus</strong></span> <span class='ocrx_word' id='word_1_300' title='bbox 1000 3295 1090 3357; x_wconf 90' lang='lat' dir='ltr'><strong>Palati</strong></span> 
     </span>
     <span class='ocr_line' id='line_1_38' title="bbox 89 3379 1088 3463; baseline -0.003 -21"><span class='ocrx_word' id='word_1_301' title='bbox 89 3379 167 3460; x_wconf 92' lang='lat' dir='ltr'><strong>apud</strong></span> <span class='ocrx_word' id='word_1_302' title='bbox 183 3379 351 3459; x_wconf 83' lang='lat' dir='ltr'><strong>frequentes</strong></span> <span class='ocrx_word' id='word_1_303' title='bbox 366 3380 490 3457; x_wconf 88' lang='lat' dir='ltr'><strong>milites,</strong></span> <span class='ocrx_word' id='word_1_304' title='bbox 513 3381 619 3443; x_wconf 88' lang='lat' dir='ltr'><strong>cedere</strong></span> <span class='ocrx_word' id='word_1_305' title='bbox 636 3401 668 3442; x_wconf 91' lang='lat' dir='ltr'><strong>se</strong></span> <span class='ocrx_word' id='word_1_306' title='bbox 685 3385 808 3463; x_wconf 90' lang='lat' dir='ltr'><strong>imperio</strong></span> <span class='ocrx_word' id='word_1_307' title='bbox 826 3380 904 3462; x_wconf 94' lang='lat' dir='ltr'><strong>quod</strong></span> <span class='ocrx_word' id='word_1_308' title='bbox 924 3382 1029 3441; x_wconf 86' lang='lat' dir='ltr'><strong>invitus</strong></span> <span class='ocrx_word' id='word_1_309' title='bbox 1043 3396 1088 3439; x_wconf 90' lang='lat' dir='ltr'><strong>re-</strong></span> 
     </span>
     <span class='ocr_line' id='line_1_39' title="bbox 91 3465 1090 3547; baseline 0 -22"><span class='ocrx_word' id='word_1_310' title='bbox 91 3466 237 3546; x_wconf 85' lang='lat' dir='ltr'><strong>cepisset,</strong></span> <span class='ocrx_word' id='word_1_311' title='bbox 262 3466 427 3547; x_wconf 86' lang='lat' dir='ltr'><strong>proiessus,</strong></span> <span class='ocrx_word' id='word_1_312' title='bbox 453 3468 563 3529; x_wconf 87' lang='lat' dir='ltr'><strong>nunctis</strong></span> <span class='ocrx_word' id='word_1_313' title='bbox 583 3467 807 3530; x_wconf 90' lang='lat' dir='ltr'><strong>reclamantibus</strong></span> <span class='ocrx_word' id='word_1_314' title='bbox 827 3485 890 3529; x_wconf 93' lang='lat' dir='ltr'><strong>rem</strong></span> <span class='ocrx_word' id='word_1_315' title='bbox 909 3465 1031 3547; x_wconf 90' lang='lat' dir='ltr'><strong>distulit,</strong></span> <span class='ocrx_word' id='word_1_316' title='bbox 1055 3481 1090 3525; x_wconf 89' lang='lat' dir='ltr'><strong>ac</strong></span> 
     </span>
    </p>
   </div>
   <div class='ocr_carea' id='block_1_3' title="bbox 0 0 1151 3862">
    <p class='ocr_par' dir='ltr' id='par_1_3' title="bbox 0 0 1151 3862">
     <span class='ocr_line' id='line_1_40' title="bbox 0 0 1151 3862; baseline 0 0"><span class='ocrx_word' id='word_1_317' title='bbox 0 0 1151 3862; x_wconf 95' lang='lat' dir='ltr'><strong> </strong></span> 
     </span>
    </p>
   </div>
  </div>
 </body>
</html>
