2286 3862
187 228 272 278 nxvu
531 223 735 270 anunanuuo.

191 394 269 442 tarae
291 399 343 457 pro
358 384 461 455 duplici
478 383 586 454 positae
595 376 630 455 ⁵⁰)
647 396 734 450 pauca
753 378 890 444 inueniet3
914 387 1013 436 eontra
1040 398 1108 438 sae-

191 470 306 542 pissime
320 469 442 534 Antonii,
459 466 582 520 Sallustii
597 471 650 520 eto.
671 469 698 518 et
718 463 763 517 vel
781 463 897 518 adiicere
912 469 941 519 et
955 464 1108 520 sublicium

190 558 323 625 sorrptun
351 557 379 607 et
405 551 439 609 do
461 549 579 619 singulis
601 545 747 604 vocabulis
767 541 1017 621 adolescentesffl),
1045 553 1107 621 epi-

188 638 272 706 stola,
302 648 391 706 pene,
421 639 540 699 entare,
573 632 743 695 contionari,
775 636 907 702 qaatmr,
936 631 1107 704 vendicavit,

189 720 347 782 Brundusi,
376 735 548 790 quanquam,
577 733 714 787 resupnum,
744 731 884 784 nunquam
910 715 952 770 sio
970 721 1002 770 ut
1019 717 1107 774 vides

189 803 293 873 soripta
322 802 451 857 offendet.
495 800 590 855 Omnia
622 801 692 855 haee
723 805 854 870 reputans
877 798 969 854 oodioi
1003 799 1106 857 Hono-

189 887 288 942 ohiano
308 884 439 940 maiorem
455 901 533 954 qoam
550 883 655 940 saeculi
676 882 739 937 Xlll
758 888 874 939 aemtem
896 881 1028 938 tribuere
1049 902 1106 940 non

189 970 312 1025 audebit.

249 1053 353 1108 Eodem
366 1054 453 1108 altera
470 1049 642 1122 quaestionis
655 1066 731 1121 pars,
749 1067 829 1121 quarn
848 1052 1106 1122 taohygraphioam

189 1137 258 1206 dixi,
275 1142 405 1208 spectaro
423 1135 543 1190 videtur.
588 1132 783 1190 Henoohianus
799 1135 881 1203 liber,
901 1134 925 1190 si
942 1141 1026 1190 reete
1044 1144 1104 1192 sta-

188 1220 288 1276 tuimus
303 1219 465 1274 Leidensem
480 1223 509 1272 et
525 1216 676 1273 Gudianum
697 1218 822 1273 oodioem
844 1219 898 1274 duo
924 1219 1006 1288 quasi
1031 1236 1104 1292 apo-

186 1303 292 1373 grapha
309 1303 369 1357 eius
385 1318 458 1371 esse,
474 1300 635 1356 necessario
654 1301 727 1356 omni
742 1318 848 1371 genere
864 1302 1104 1374 compendiorum

187 1393 215 1440 et
230 1386 363 1456 siglorum
380 1387 500 1441 refertus
514 1385 582 1455 luit,
601 1401 716 1455 quorum
732 1384 817 1440 lectio
835 1401 973 1457 persaepe
990 1387 1102 1444 diitioi-

185 1470 220 1524 lis
244 1476 325 1540 atque
348 1471 475 1542 ambigua
496 1475 579 1525 esset.
624 1469 730 1524 Passim
752 1470 915 1540 compendia
942 1486 1104 1541 agnosces,

185 1554 286 1624 quibus
307 1556 444 1611 voeabula
465 1556 653 1619 atalenum,
675 1553 727 1606 doc
748 1559 777 1607 et
799 1553 883 1623 daea,
908 1553 976 1608 naluit
999 1560 1032 1609 et
1051 1558 1103 1624 nit,

185 1637 394 1693 terminationes
414 1639 442 1691 in
463 1637 596 1708 perlectis
613 1642 695 1690 erant
715 1641 742 1690 et
763 1650 811 1690 ere
832 1644 859 1691 ot
882 1636 983 1694 similia
1007 1656 1102 1710 aegre

186 1721 431 1790 distinguerentur.
457 1720 487 1772 ln
504 1720 623 1789 singulis
638 1719 784 1775 vocabulis
800 1719 854 1776 tria
873 1722 1002 1794 exemplu
1019 1739 1104 1794 pono

185 1803 296 1857 inventa
318 1802 420 1873 pagina
443 1806 493 1860 271
518 1802 668 1858 dimidiata.
713 1802 803 1858 Versu
829 1804 901 1859 enim
923 1811 957 1865 18
979 1822 1037 1877 pro
1063 1823 1103 1864 eo

187 1885 260 1955 quod
276 1891 318 1939 ost
333 1890 436 1938 tantam
448 1901 502 1940 non
516 1885 587 1941 alter
601 1886 692 1942 soriha
710 1893 800 1942 tamea
814 1904 882 1953 non,
900 1889 972 1944 ulter
986 1894 1101 1946 tanatm

185 1968 263 2024 modo
276 1968 367 2032 dedit;
384 1986 467 2026 versu
482 1976 515 2030 27
532 1971 668 2041 quoddam
684 1972 876 2043 compendium
890 1972 939 2027 ille
949 1987 1099 2044 persona-

184 2053 243 2118 lem,
263 2049 309 2106 luo
324 2057 516 2122 proconsulem
533 2055 699 2126 explicavit3
716 2071 800 2113 versu
815 2062 847 2114 31
866 2056 914 2112 ille
933 2058 1098 2128 intepueram,

185 2135 230 2191 hie
245 2138 273 2189 in
286 2143 430 2207 conspecta
451 2137 592 2194 invenisse
609 2139 664 2195 sihi
680 2141 757 2196 visus
779 2145 829 2194 est.
874 2140 911 2194 At
926 2155 994 2196 vero
1018 2143 1098 2199 haud

183 2221 245 2274 seio
268 2237 301 2276 an
319 2221 461 2293 quisquam
477 2223 519 2278 rei
536 2223 642 2294 peritus
658 2241 746 2294 genus
763 2223 920 2294 scripturae
942 2231 996 2278 tam
1014 2241 1095 2281 oom-

182 2304 355 2375 pendiarium
367 2307 507 2379 antiquius
525 2308 639 2364 saeoulo
653 2307 716 2363 Xlll
733 2307 876 2362 habiturus
894 2307 938 2361 sit.

246 2387 421 2454 Quarundam
434 2393 624 2448 diversitatum
639 2408 690 2463 per
705 2390 818 2445 oodioes
834 2391 1008 2447 inventarum
1025 2408 1096 2449 oau-

183 2489 228 2528 sas
252 2473 280 2527 in
300 2475 362 2546 ipso
378 2475 557 2530 Henoohiano
580 2474 652 2529 libro
675 2473 847 2544 quaerendas
869 2491 931 2530 esse
953 2477 1096 2546 puto;·iit

183 2557 254 2611 enim
279 2573 478 2628 nonnumquam
493 2562 546 2613 tam
566 2557 594 2610 in
610 2556 738 2614 leidensi
758 2573 838 2627 quam
854 2559 978 2615 Gudiano
1000 2559 1094 2630 libro,

182 2645 211 2692 ut
226 2642 297 2695 duae
314 2641 451 2695 leetiones
469 2641 557 2695 altera
573 2655 656 2711 supra
673 2641 788 2697 alteram
805 2643 926 2715 seriptae
942 2642 1008 2698 sint.
1041 2644 1093 2702 Sia

182 2740 209 2793 p·
230 2729 299 2792 261,
321 2729 353 2779 21
369 2722 396 2776 in
415 2729 532 2792 utroque
551 2739 704 2778 marmoreo
720 2724 826 2794 legitur
842 2742 923 2797 supra
940 2727 1093 2798 posterius

182 2806 307 2860 olittera
328 2822 345 2858 a
368 2805 475 2869 addita;
498 2823 525 2876 p.
543 2811 610 2876 264,
635 2813 669 2866 33
692 2808 740 2862 ille
757 2808 894 2864 Cateltnae
906 2826 925 2863 a
940 2809 1092 2882 imposito,

182 2886 228 2941 hio
246 2888 386 2942 Catulinae
407 2888 537 2961 imposito
558 2893 569 2943 i
593 2890 728 2953 ostendit;
748 2908 774 2962 p.
792 2897 859 2960 269,
886 2898 920 2951 33
947 2891 996 2947 ille
1024 2909 1091 2950 res-

181 2971 280 3040 eoaniti
299 2977 362 3025 sunt
381 2973 474 3028 deleto
492 2979 580 3029 tamen
596 2973 691 3044 priore
707 2987 733 3036 a,
753 2974 800 3028 hie
821 2978 952 3047 reeoaniti
968 2984 1038 3031 sant
1059 2985 1089 3034 et

179 3086 382 3098 ——---—.

179 3131 271 3248 ‘abradant
297 3141 380 3183 tamen
407 3135 501 3186 Graeca
526 3140 656 3197 aaronem,
687 3138 870 3200 paraphrasis,
902 3138 992 3198 tiresia,
1024 3156 1091 3204 syn-

207 3204 263 3250 ests.

251 3269 295 3333 50)
305 3272 362 3356 air.
380 3289 457 3338 supra
469 3291 493 3339 p.
508 3275 585 3324 LXV.
620 3276 692 3324 Adde
704 3274 781 3325 Sena
788 3315 794 3337 ,
814 3276 916 3338 Spoleti,
930 3274 1087 3338 Mediolani.

178 3339 389 3473 Brunddillndemel
398 3414 593 3465 adulescentibus
603 3421 626 3463 et
634 3417 787 3478 neplepentia
796 3413 930 3464 invenitur.
951 3412 1025 3462 Adde
1036 3431 1085 3464 an-

176 3478 260 3542 tiquas
279 3496 303 3545 p.
318 3481 381 3542 263,
400 3483 441 3532 29.
