2286 3862
197 86 306 135 LXXIV
538 84 744 134 PRAEFATIO·

201 246 293 305 tonius
316 246 353 301 ita
372 250 483 301 secutus
506 251 565 313 est,
589 249 619 299 ut
633 242 709 300 viros
730 244 814 300 rebus
833 245 947 302 bellicis
971 248 1114 323 civilique

202 329 304 386 virtute
322 329 414 385 claros
437 321 639 400 excludendi)
661 334 690 381 ct
711 328 788 383 solos
807 343 873 398 eos,
894 329 942 401 qui
956 331 1072 390 litteris
1087 336 1113 392 id

205 420 248 470 est
264 413 346 469 libris
368 407 527 468 scribendis
550 410 762 480 inclaruissent‚
780 409 1036 489 perscriberetll).
1083 418 1114 473 lit

201 503 330 569 quantum
350 495 476 552 iudicare
495 495 580 550 bodie
596 494 680 563 licet,
700 510 770 566 opus
790 494 915 550 condidit
937 496 999 554 lide
1016 500 1112 558 brevi-

201 587 258 636 tate
274 595 422 651 rerumque
436 578 572 635 varietate
587 578 629 633 sic
646 577 801 647 excellens,
816 583 915 635 utnon
931 581 1111 640 mediocrem

200 665 345 721 doctorum
358 661 497 719 bominum
511 662 636 734 plausum
655 662 749 717 ferret.
780 658 847 716 llam
858 666 886 717 et
896 661 1031 735 integras
1043 684 1113 724 nou-

200 763 344 816 numquam
362 746 433 802 vitas
455 745 519 801 inde
534 746 681 817 decerptas
704 744 848 801 codicibus
866 753 1020 818 poetarum
1038 750 1110 808 alio-

200 846 315 899 rumque
335 830 501 902 scriptorum
522 834 751 885 commentatores
781 829 909 884 solebant
933 833 1110 908 praefigere,

201 920 229 968 et
244 912 430 984 Hieronymus
445 911 652 981 stridonensis,
676 910 722 982 qui
746 912 781 967 de
803 912 976 971 doctissimis
1000 919 1110 976 veteris

201 997 340 1053 ecelesiae
362 996 523 1052 doctoribus
545 994 611 1065 tuit,
632 996 682 1050 hes
702 993 774 1050 vitas
795 995 864 1051 tanti
881 996 968 1068 lecit,
999 1005 1032 1055 ut
1058 1019 1109 1059 non

200 1080 283 1135 modo
300 1097 324 1135 a.
342 1086 394 1139 380
419 1079 446 1132 in
463 1077 651 1133 convertendo
675 1078 860 1150 augendoque
881 1078 1002 1138 Eusebii
1026 1084 1110 1142 cbro

200 1163 264 1216 nico
282 1164 381 1218 multas
397 1160 462 1216 inde
477 1161 629 1232 particulas
644 1157 852 1218 ‘curiosissime
869 1165 1047 1238 excerptas'
1065 1170 1110 1226 ad.
1135 1147 1141 1161 '

200 1245 346 1316 misceret,
362 1244 412 1300 sed
430 1244 511 1300 etiam
528 1262 552 1301 e.
569 1250 621 1305 392
636 1245 664 1299 in
678 1245 807 1316 catalogo
821 1260 871 1301 suo
890 1247 1110 1309 ecclesiastico-

201 1344 259 1383 rum
275 1330 442 1401 scriptorum
459 1330 650 1400 componendo
664 1330 736 1383 hunc
756 1328 927 1400 potissimum
943 1348 1033 1403 quem
1050 1335 1111 1392 imi·

200 1418 305 1467 teretur
321 1413 418 1468 ducem
434 1417 462 1467 et
483 1412 636 1484 exemplum
657 1411 711 1467 sibi
733 1419 861 1467 sumeret.
907 1413 1044 1489 Denique
1062 1420 1111 1476 ali.

202 1501 268 1567 quot
282 1498 399 1568 paginas
412 1496 472 1551 eius
484 1496 578 1566 operis
591 1496 714 1564 integras
731 1511 802 1550 anno
818 1496 930 1551 circiter
944 1500 1111 1561 1452131100

201 1579 356 1635 Asculanos
373 1595 409 1633 ex
426 1577 587 1633 Germaniae
602 1576 728 1648 partibus
744 1577 772 1631 in
787 1577 892 1634 ltaliam
909 1583 1017 1639 attulit..
1068 1587 1111 1646 lli,-

201 1661 302 1716 bcllunr
326 1661 397 1715 enirn
418 1661 453 1715 de
476 1659 665 1715 Grammaticis
688 1665 716 1713 et
739 1660 898 1718 rhetoribus
922 1658 1111 1738 su'perstitem

200 1743 265 1798 libri
281 1745 316 1798 de
324 1743 400 1798 Viris
416 1743 571 1798 illustribus
587 1742 750 1813 particulam
764 1760 845 1814 esse,
865 1752 892 1801 et
909 1749 1008 1806 statim
1024 1752 1110 1810 intel·

200 1825 300 1881 lectum
316 1832 375 1894 est,
396 1832 424 1880 ut
440 1843 455 1881 a
473 1825 594 1881 Pontano
610 1843 637 1897 p.
653 1831 718 1898 288,
737 1831 764 1881 et
779 1826 940 1898 Hieronymi
958 1836 1111 1910 excerptis

199 1907 306 1964 abunde
321 1909 503 1965 confirmatur.

264 1993 358 2064 ltaque
388 1993 510 2066 speciem
542 2009 637 2049 eorum
667 1993 800 2049 librorum
830 2011 1004 2055 communem
1035 2003 1110 2065 banc

200 2079 287 2133 luisse
308 2076 399 2146 dicas,
427 2083 455 2131 ut
478 2077 505 2130 in
529 2075 700 2148 singulorum
722 2076 868 2149 principiis
891 2079 1052 2141 Suetonius
1077 2089 1111 2145 de

200 2169 258 2218 arte
275 2161 319 2217 vel
337 2160 483 2232 disciplina
501 2166 656 2233 exponeret
668 2161 800 2216 nonnulla
821 2162 1010 2239 coniunctim,
1034 2184 1110 2241 quas

191 2290 401 2306 ’.ηρ-.-

197 2362 229 2410 de
248 2360 377 2422 Tarquitio
397 2359 447 2407 iarn
463 2356 491 2406 G.
512 2359 532 2408 1.
552 2357 659 2405 Vossius
674 2357 738 2406 bena
750 2357 875 2420 exposuit.
913 2357 1110 2424 Antiquissima

198 2427 318 2476 memoria
336 2426 404 2489 apud
423 2424 564 2488 Vergilium
586 2431 668 2473 exstat
686 2424 828 2474 Catalectou
845 2427 875 2485 7,
893 2425 909 2476 3
927 2425 986 2478 sive
1003 2428 1110 2484 Antho-

198 2496 281 2559 logiae
296 2493 389 2556 Meyer.
414 2491 512 2542 n0.90.

266 2575 311 2638 56)
341 2577 369 2625 ld
389 2585 413 2626 et
437 2575 583 2638 Hieronymi
601 2577 678 2626 verba
700 2585 724 2626 et
746 2578 802 2644 ipsa
826 2577 971 2644 fragmenta
997 2581 1106 2634 docent.

197 2645 290 2695 Iniuria
307 2643 386 2708 igitur
403 2646 457 2694 loco
474 2658 499 2709 p.
517 2643 575 2703 283,
592 2646 604 2696 1
627 2645 669 2708 qui
687 2645 719 2695 de
732 2645 848 2695 Ventidio
864 2645 944 2696 Basso
964 2655 1006 2699 est
1021 2650 1108 2702 Vine-

196 2721 238 2763 tus
264 2720 288 2762 et
314 2712 357 2761 alii
380 2713 452 2762 abusi
475 2718 550 2770 sunt,
582 2720 610 2764 ut
636 2713 668 2763 de
694 2714 799 2764 ducibus
829 2729 927 2777 quoque
955 2716 1107 2772 illustribus

197 2781 287 2830 librum
308 2779 388 2831 luisse
405 2780 594 2847 persuaderent.
622 2782 659 2831 Ne
674 2782 706 2832 de
723 2783 827 2849 regibus
841 2783 942 2846 quidem
958 2784 1060 2838 librum
1080 2789 1106 2839 iu

197 2848 337 2899 illustribus
356 2849 444 2910 luisse,
463 2849 533 2898 locus
551 2848 658 2900 Ausonii
672 2851 782 2902 declarat
797 2849 864 2900 inira
882 2867 907 2916 p.
923 2850 985 2911 303,
1009 2855 1047 2906 19
1068 2859 1106 2907 al·

197 2918 272 2968 latus.
308 2918 345 2967 De
354 2918 422 2968 Viris
441 2916 586 2978 illustribus,
602 2918 644 2981 qui
662 2918 737 2968 Plinii
755 2919 855 2969 nomine
874 2919 1104 2990 circumferuntur,

198 2985 317 3036 Suetonio
337 2986 437 3037 tributis
454 2983 522 3035 inira
538 3000 563 3050 p.
583 2987 624 3037 011
644 3003 683 3050 sq.
704 2988 795 3040 dicam.

264 3053 311 3118 57)
329 3053 528 3120 Scriptorum
553 3054 688 3105 illustrium
706 3057 881 3121 potiusquam
896 3055 1018 3109 Virorum
1041 3063 1104 3114 illu·

196 3123 285 3174 atrium
303 3124 381 3174 libros
397 3123 532 3187 inscriptos
550 3121 631 3172 luisse
644 3124 752 3174 Vinctus
768 3125 934 3174 arbitrabatur
950 3125 1044 3192 (isque
1061 3133 1105 3183 sai

196 3191 252 3256 ipse
277 3193 421 3253 immernor,
446 3191 489 3254 qni
508 3191 539 3242 de
557 3190 668 3244 Ducibus
685 3207 784 3256 quoque
803 3192 894 3241 librum
913 3196 1103 3264 meruisseque

107 3312 111 3317 ,
196 3259 359 3311 Caseubonus
374 3258 450 3309 llbros
466 3259 583 3310 Virorum
601 3261 633 3309 iu
651 3261 775 3310 litteris
791 3259 926 3309 illustrium
944 3265 1102 3334 appellavit,

195 3335 299 3394 uterque
317 3329 467 3394 Hieronymo
482 3334 506 3376 et
524 3327 601 3380 Suida
619 3329 713 3378 invitis.
