<?xml version="1.0" encoding="UTF-8"?>
<!DOCTYPE html PUBLIC "-//W3C//DTD XHTML 1.0 Transitional//EN"
    "http://www.w3.org/TR/xhtml1/DTD/xhtml1-transitional.dtd">
<html xmlns="http://www.w3.org/1999/xhtml" xml:lang="en" lang="en">
 <head>
  <title>
</title>
<meta http-equiv="Content-Type" content="text/html;charset=utf-8" />
  <meta name='ocr-system' content='tesseract 3.04.00' />
  <meta name='ocr-capabilities' content='ocr_page ocr_carea ocr_par ocr_line ocrx_word'/>
</head>
<body>
  <div class='ocr_page' id='page_1' title='image "./csuetonitranqui00trangoog_0132.png"; bbox 0 0 2334 3870; ppageno 0'>
   <div class='ocr_carea' id='block_1_1' title="bbox 455 153 1083 217">
    <p class='ocr_par' dir='ltr' id='par_1_1' title="bbox 455 153 1083 217">
     <span class='ocr_line' id='line_1_1' title="bbox 455 153 1083 217; baseline -0.005 -1"><span class='ocrx_word' id='word_1_1' title='bbox 455 167 559 217; x_wconf 79' lang='lat' dir='ltr'>arvus</span> <span class='ocrx_word' id='word_1_2' title='bbox 582 167 709 217; x_wconf 80' lang='lat' dir='ltr'>tumus.</span> <span class='ocrx_word' id='word_1_3' title='bbox 1046 153 1083 214; x_wconf 78' lang='lat'>21</span> 
     </span>
    </p>
   </div>
   <div class='ocr_carea' id='block_1_2' title="bbox 50 321 1161 3517">
    <p class='ocr_par' dir='ltr' id='par_1_2' title="bbox 50 321 1161 3517">
     <span class='ocr_line' id='line_1_2' title="bbox 84 321 1086 404; baseline -0.008 -14"><span class='ocrx_word' id='word_1_4' title='bbox 84 326 415 393; x_wconf 90' lang='lat' dir='ltr'>adbucetobaeratum;</span> <span class='ocrx_word' id='word_1_5' title='bbox 434 325 463 382; x_wconf 94' lang='lat' dir='ltr'>in</span> <span class='ocrx_word' id='word_1_6' title='bbox 485 323 720 404; x_wconf 73' lang='lat' dir='ltr'>expeditionibus</span> <span class='ocrx_word' id='word_1_7' title='bbox 746 323 898 390; x_wconf 86' lang='lat' dir='ltr'>tessellata</span> <span class='ocrx_word' id='word_1_8' title='bbox 920 330 950 385; x_wconf 89' lang='lat' dir='ltr'>et</span> <span class='ocrx_word' id='word_1_9' title='bbox 971 321 1086 382; x_wconf 87' lang='lat' dir='ltr'>sectilia</span> 
     </span>
     <span class='ocr_line' id='line_1_3' title="bbox 85 406 1128 494; baseline -0.008 -20"><span class='ocrx_word' id='word_1_10' title='bbox 85 414 245 494; x_wconf 85' lang='lat' dir='ltr'>pavimenta</span> <span class='ocrx_word' id='word_1_11' title='bbox 271 407 496 478; x_wconf 88' lang='lat' dir='ltr'>circumtulisse;</span> <span class='ocrx_word' id='word_1_12' title='bbox 522 409 693 470; x_wconf 81' lang='lat' dir='ltr'>Britanniam</span> <span class='ocrx_word' id='word_1_13' title='bbox 716 409 829 488; x_wconf 91' lang='lat' dir='ltr'>petisse</span> <span class='ocrx_word' id='word_1_14' title='bbox 861 426 916 488; x_wconf 93' lang='lat' dir='ltr'>spe</span> <span class='ocrx_word' id='word_1_15' title='bbox 944 406 1128 484; x_wconf 70' lang='lat' dir='ltr'>margariti</span> 
     </span>
     <span class='ocr_line' id='line_1_4' title="bbox 86 489 1161 575; baseline -0.009 -17"><span class='ocrx_word' id='word_1_16' title='bbox 86 508 189 574; x_wconf 88' lang='lat' dir='ltr'>tarum,</span> <span class='ocrx_word' id='word_1_17' title='bbox 221 511 340 575; x_wconf 91' lang='lat' dir='ltr'>quarum</span> <span class='ocrx_word' id='word_1_18' title='bbox 377 491 589 570; x_wconf 89' lang='lat' dir='ltr'>amplitudinem</span> <span class='ocrx_word' id='word_1_19' title='bbox 623 495 824 554; x_wconf 84' lang='lat' dir='ltr'>conferentem</span> <span class='ocrx_word' id='word_1_20' title='bbox 862 489 1004 552; x_wconf 82' lang='lat' dir='ltr'>interdum</span> <span class='ocrx_word' id='word_1_21' title='bbox 1036 508 1087 550; x_wconf 86' lang='lat' dir='ltr'>sua</span> <span class='ocrx_word' id='word_1_22' title='bbox 1157 491 1161 496; x_wconf 78' lang='grc'>’</span> 
     </span>
     <span class='ocr_line' id='line_1_5' title="bbox 85 572 1088 656; baseline -0.007 -15"><span class='ocrx_word' id='word_1_23' title='bbox 85 600 167 643; x_wconf 91' lang='lat' dir='ltr'>mauu</span> <span class='ocrx_word' id='word_1_24' title='bbox 182 580 322 656; x_wconf 79' lang='lat' dir='ltr'>exegisse</span> <span class='ocrx_word' id='word_1_25' title='bbox 338 575 465 656; x_wconf 91' lang='lat' dir='ltr'>pondus;</span> <span class='ocrx_word' id='word_1_26' title='bbox 488 593 632 654; x_wconf 89' lang='lat' dir='ltr'>gemmas,</span> <span class='ocrx_word' id='word_1_27' title='bbox 651 585 826 656; x_wconf 77' lang='lat' dir='ltr'><strong>toreumata,</strong></span> <span class='ocrx_word' id='word_1_28' title='bbox 850 578 955 655; x_wconf 90' lang='lat' dir='ltr'>sigua,</span> <span class='ocrx_word' id='word_1_29' title='bbox 977 572 1088 634; x_wconf 82' lang='lat' dir='ltr'>tabulas</span> 
     </span>
     <span class='ocr_line' id='line_1_6' title="bbox 60 658 1091 745; baseline -0.009 -18"><span class='ocrx_word' id='word_1_30' title='bbox 60 667 184 745; x_wconf 75' lang='lat' dir='ltr'>toperis</span> <span class='ocrx_word' id='word_1_31' title='bbox 209 663 318 740; x_wconf 78' lang='lat' dir='ltr'>antiqui</span> <span class='ocrx_word' id='word_1_32' title='bbox 347 676 463 738; x_wconf 84' lang='lat' dir='ltr'>semper</span> <span class='ocrx_word' id='word_1_33' title='bbox 495 661 701 720; x_wconf 74' lang='lat' dir='ltr'>animosissime</span> <span class='ocrx_word' id='word_1_34' title='bbox 734 679 938 741; x_wconf 86' lang='lat' dir='ltr'>comparasse;</span> <span class='ocrx_word' id='word_1_35' title='bbox 969 658 1091 718; x_wconf 85' lang='lat' dir='ltr'>servitia</span> 
     </span>
     <span class='ocr_line' id='line_1_7' title="bbox 81 744 1090 826; baseline -0.007 -16"><span class='ocrx_word' id='word_1_36' title='bbox 81 752 212 811; x_wconf 81' lang='lat' dir='ltr'>rectiora</span> <span class='ocrx_word' id='word_1_37' title='bbox 229 745 423 824; x_wconf 84' lang='lat' dir='ltr'>politioraque</span> <span class='ocrx_word' id='word_1_38' title='bbox 444 744 577 804; x_wconf 88' lang='lat' dir='ltr'>inmenso</span> <span class='ocrx_word' id='word_1_39' title='bbox 599 745 712 824; x_wconf 90' lang='lat' dir='ltr'>pretio,</span> <span class='ocrx_word' id='word_1_40' title='bbox 735 753 764 803; x_wconf 83' lang='lat' dir='ltr'>et</span> <span class='ocrx_word' id='word_1_41' title='bbox 787 748 866 805; x_wconf 90' lang='lat' dir='ltr'>cuius</span> <span class='ocrx_word' id='word_1_42' title='bbox 890 748 983 826; x_wconf 90' lang='lat' dir='ltr'>ipsum</span> <span class='ocrx_word' id='word_1_43' title='bbox 1002 744 1090 803; x_wconf 85' lang='lat' dir='ltr'>ettam</span> 
     </span>
     <span class='ocr_line' id='line_1_8' title="bbox 84 827 1132 912; baseline -0.001 -22"><span class='ocrx_word' id='word_1_44' title='bbox 84 831 227 912; x_wconf 84' lang='lat' dir='ltr'>puderet,</span> <span class='ocrx_word' id='word_1_45' title='bbox 250 828 293 887; x_wconf 91' lang='lat' dir='ltr'>sic</span> <span class='ocrx_word' id='word_1_46' title='bbox 310 836 341 887; x_wconf 93' lang='lat' dir='ltr'>ut</span> <span class='ocrx_word' id='word_1_47' title='bbox 361 828 519 888; x_wconf 90' lang='lat' dir='ltr'>rationibus</span> <span class='ocrx_word' id='word_1_48' title='bbox 540 835 655 888; x_wconf 87' lang='lat' dir='ltr'>vetaret</span> <span class='ocrx_word' id='word_1_49' title='bbox 676 827 793 897; x_wconf 88' lang='lat' dir='ltr'>iulerri;</span> <span class='ocrx_word' id='word_1_50' title='bbox 819 832 1000 890; x_wconf 82' lang='lat' dir='ltr'>conrivatum</span> <span class='ocrx_word' id='word_1_51' title='bbox 1016 827 1132 889; x_wconf 70' lang='lat' dir='ltr'>assi-48</span> 
     </span>
     <span class='ocr_line' id='line_1_9' title="bbox 86 910 1088 992; baseline -0.006 -16"><span class='ocrx_word' id='word_1_52' title='bbox 86 916 144 976; x_wconf 93' lang='lat' dir='ltr'>due</span> <span class='ocrx_word' id='word_1_53' title='bbox 159 931 214 992; x_wconf 91' lang='lat' dir='ltr'>per</span> <span class='ocrx_word' id='word_1_54' title='bbox 234 913 400 992; x_wconf 84' lang='lat' dir='ltr'>prouincias</span> <span class='ocrx_word' id='word_1_55' title='bbox 421 911 535 974; x_wconf 91' lang='lat' dir='ltr'>duobus</span> <span class='ocrx_word' id='word_1_56' title='bbox 552 910 703 989; x_wconf 92' lang='lat' dir='ltr'>tricliniis,</span> <span class='ocrx_word' id='word_1_57' title='bbox 727 927 783 971; x_wconf 92' lang='lat' dir='ltr'>uno</span> <span class='ocrx_word' id='word_1_58' title='bbox 804 927 860 990; x_wconf 91' lang='lat' dir='ltr'>quo</span> <span class='ocrx_word' id='word_1_59' title='bbox 878 913 970 988; x_wconf 92' lang='lat' dir='ltr'>sagati</span> <span class='ocrx_word' id='word_1_60' title='bbox 989 911 1088 990; x_wconf 89' lang='lat' dir='ltr'>pallia·</span> 
     </span>
     <span class='ocr_line' id='line_1_10' title="bbox 83 994 1089 1075; baseline -0.007 -16"><span class='ocrx_word' id='word_1_61' title='bbox 83 1002 160 1073; x_wconf 85' lang='lat' dir='ltr'>tive,</span> <span class='ocrx_word' id='word_1_62' title='bbox 184 997 276 1056; x_wconf 86' lang='lat' dir='ltr'>altero</span> <span class='ocrx_word' id='word_1_63' title='bbox 293 1013 350 1075; x_wconf 92' lang='lat' dir='ltr'>quo</span> <span class='ocrx_word' id='word_1_64' title='bbox 365 999 456 1074; x_wconf 90' lang='lat' dir='ltr'>togati</span> <span class='ocrx_word' id='word_1_65' title='bbox 472 1015 536 1057; x_wconf 92' lang='lat' dir='ltr'>cum</span> <span class='ocrx_word' id='word_1_66' title='bbox 556 994 772 1057; x_wconf 85' lang='lat' dir='ltr'>inlustrioribus</span> <span class='ocrx_word' id='word_1_67' title='bbox 796 995 1014 1075; x_wconf 85' lang='lat' dir='ltr'>provinciarum</span> <span class='ocrx_word' id='word_1_68' title='bbox 1033 995 1089 1054; x_wconf 89' lang='lat' dir='ltr'>dis·</span> 
     </span>
     <span class='ocr_line' id='line_1_11' title="bbox 50 1076 1091 1161; baseline -0.008 -17"><span class='ocrx_word' id='word_1_69' title='bbox 50 1092 74 1135; x_wconf 69' lang='grc' dir='ltr'>ιθ</span> <span class='ocrx_word' id='word_1_70' title='bbox 86 1081 262 1144; x_wconf 84' lang='lat' dir='ltr'>cumberent.</span> <span class='ocrx_word' id='word_1_71' title='bbox 297 1078 490 1143; x_wconf 88' lang='lat' dir='ltr'>Domesticam</span> <span class='ocrx_word' id='word_1_72' title='bbox 511 1081 693 1161; x_wconf 77' lang='lat' dir='ltr'>disciplinam</span> <span class='ocrx_word' id='word_1_73' title='bbox 713 1081 742 1140; x_wconf 90' lang='lat' dir='ltr'>in</span> <span class='ocrx_word' id='word_1_74' title='bbox 763 1082 863 1160; x_wconf 83' lang='lat' dir='ltr'>parvis</span> <span class='ocrx_word' id='word_1_75' title='bbox 884 1097 920 1141; x_wconf 91' lang='lat' dir='ltr'>ac</span> <span class='ocrx_word' id='word_1_76' title='bbox 934 1076 1091 1138; x_wconf 86' lang='lat' dir='ltr'>maioribus</span> 
     </span>
     <span class='ocr_line' id='line_1_12' title="bbox 85 1161 1090 1246; baseline -0.006 -19"><span class='ocrx_word' id='word_1_77' title='bbox 85 1166 171 1228; x_wconf 90' lang='lat' dir='ltr'>rebus</span> <span class='ocrx_word' id='word_1_78' title='bbox 193 1165 348 1242; x_wconf 80' lang='lat' dir='ltr'>diligenter</span> <span class='ocrx_word' id='word_1_79' title='bbox 368 1164 440 1226; x_wconf 87' lang='lat' dir='ltr'>adeo</span> <span class='ocrx_word' id='word_1_80' title='bbox 461 1183 625 1246; x_wconf 89' lang='lat' dir='ltr'>severeque</span> <span class='ocrx_word' id='word_1_81' title='bbox 647 1166 740 1243; x_wconf 86' lang='lat' dir='ltr'>rexit,</span> <span class='ocrx_word' id='word_1_82' title='bbox 769 1174 800 1226; x_wconf 93' lang='lat' dir='ltr'>ut</span> <span class='ocrx_word' id='word_1_83' title='bbox 815 1167 975 1245; x_wconf 87' lang='lat' dir='ltr'>pistorem,</span> <span class='ocrx_word' id='word_1_84' title='bbox 1005 1161 1090 1225; x_wconf 87' lang='lat' dir='ltr'>alium</span> 
     </span>
     <span class='ocr_line' id='line_1_13' title="bbox 86 1248 1088 1331; baseline -0.003 -20"><span class='ocrx_word' id='word_1_85' title='bbox 86 1268 168 1330; x_wconf 89' lang='lat' dir='ltr'>quam</span> <span class='ocrx_word' id='word_1_86' title='bbox 189 1249 246 1309; x_wconf 92' lang='lat' dir='ltr'>sibi</span> <span class='ocrx_word' id='word_1_87' title='bbox 266 1267 370 1328; x_wconf 89' lang='lat' dir='ltr'>panem</span> <span class='ocrx_word' id='word_1_88' title='bbox 391 1252 522 1309; x_wconf 84' lang='lat' dir='ltr'>convivis</span> <span class='ocrx_word' id='word_1_89' title='bbox 543 1251 750 1326; x_wconf 81' lang='lat' dir='ltr'>subicientem,</span> <span class='ocrx_word' id='word_1_90' title='bbox 772 1248 963 1331; x_wconf 91' lang='lat' dir='ltr'>compedibus</span> <span class='ocrx_word' id='word_1_91' title='bbox 988 1249 1088 1308; x_wconf 79' lang='lat' dir='ltr'>vinxe-</span> 
     </span>
     <span class='ocr_line' id='line_1_14' title="bbox 83 1332 1089 1412; baseline -0.003 -19"><span class='ocrx_word' id='word_1_92' title='bbox 83 1338 136 1403; x_wconf 80' lang='lat' dir='ltr'>rit3</span> <span class='ocrx_word' id='word_1_93' title='bbox 169 1333 306 1392; x_wconf 89' lang='lat' dir='ltr'>libertum</span> <span class='ocrx_word' id='word_1_94' title='bbox 331 1333 523 1406; x_wconf 86' lang='lat' dir='ltr'>gratissimum</span> <span class='ocrx_word' id='word_1_95' title='bbox 552 1333 590 1390; x_wconf 91' lang='lat' dir='ltr'>ob</span> <span class='ocrx_word' id='word_1_96' title='bbox 618 1332 806 1392; x_wconf 89' lang='lat' dir='ltr'>adulteratam</span> <span class='ocrx_word' id='word_1_97' title='bbox 832 1335 939 1412; x_wconf 89' lang='lat' dir='ltr'>equitis</span> <span class='ocrx_word' id='word_1_98' title='bbox 966 1332 1089 1393; x_wconf 89' lang='lat' dir='ltr'>Romani</span> 
     </span>
     <span class='ocr_line' id='line_1_15' title="bbox 85 1413 1152 1490; baseline -0.004 -15"><span class='ocrx_word' id='word_1_99' title='bbox 85 1433 226 1489; x_wconf 86' lang='lat' dir='ltr'>uxorem,</span> <span class='ocrx_word' id='word_1_100' title='bbox 248 1414 377 1490; x_wconf 71' lang='lat' dir='ltr'>quamms</span> <span class='ocrx_word' id='word_1_101' title='bbox 392 1413 471 1471; x_wconf 91' lang='lat' dir='ltr'>nullo</span> <span class='ocrx_word' id='word_1_102' title='bbox 491 1421 648 1489; x_wconf 84' lang='lat' dir='ltr'>querente,</span> <span class='ocrx_word' id='word_1_103' title='bbox 668 1413 787 1487; x_wconf 85' lang='lat' dir='ltr'>capitali</span> <span class='ocrx_word' id='word_1_104' title='bbox 803 1433 899 1490; x_wconf 91' lang='lat' dir='ltr'>poena</span> <span class='ocrx_word' id='word_1_105' title='bbox 916 1414 1068 1472; x_wconf 87' lang='lat' dir='ltr'>adiecerit.</span> <span class='ocrx_word' id='word_1_106' title='bbox 1110 1455 1152 1489; x_wconf 35' lang='grc' dir='ltr'>Ὗ</span> 
     </span>
     <span class='ocr_line' id='line_1_16' title="bbox 54 1492 1129 1572; baseline -0.006 -13"><span class='ocrx_word' id='word_1_107' title='bbox 54 1518 79 1561; x_wconf 79' lang='lat' dir='ltr'>rs</span> <span class='ocrx_word' id='word_1_108' title='bbox 156 1496 314 1558; x_wconf 88' lang='lat' dir='ltr'>Pudicitiae</span> <span class='ocrx_word' id='word_1_109' title='bbox 334 1495 397 1554; x_wconf 87' lang='lat' dir='ltr'>eius</span> <span class='ocrx_word' id='word_1_110' title='bbox 418 1494 521 1554; x_wconf 88' lang='lat' dir='ltr'>lamam</span> <span class='ocrx_word' id='word_1_111' title='bbox 544 1493 613 1554; x_wconf 89' lang='lat' dir='ltr'>nibil</span> <span class='ocrx_word' id='word_1_112' title='bbox 638 1492 752 1572; x_wconf 90' lang='lat' dir='ltr'>quidem</span> <span class='ocrx_word' id='word_1_113' title='bbox 779 1504 895 1571; x_wconf 91' lang='lat' dir='ltr'>praeter</span> <span class='ocrx_word' id='word_1_114' title='bbox 920 1493 1088 1553; x_wconf 83' lang='lat' dir='ltr'>Nicomedis</span> <span class='ocrx_word' id='word_1_115' title='bbox 1097 1498 1129 1554; x_wconf 75' lang='lat' dir='ltr'>tt</span> 
     </span>
     <span class='ocr_line' id='line_1_17' title="bbox 88 1574 1092 1656; baseline -0.008 -12"><span class='ocrx_word' id='word_1_116' title='bbox 88 1581 307 1644; x_wconf 87' lang='lat' dir='ltr'>contubernium</span> <span class='ocrx_word' id='word_1_117' title='bbox 328 1578 427 1656; x_wconf 89' lang='lat' dir='ltr'>laesit,</span> <span class='ocrx_word' id='word_1_118' title='bbox 455 1578 541 1656; x_wconf 87' lang='lat' dir='ltr'>gravi</span> <span class='ocrx_word' id='word_1_119' title='bbox 561 1586 656 1639; x_wconf 90' lang='lat' dir='ltr'>tamen</span> <span class='ocrx_word' id='word_1_120' title='bbox 680 1584 710 1637; x_wconf 89' lang='lat' dir='ltr'>ot</span> <span class='ocrx_word' id='word_1_121' title='bbox 733 1577 855 1656; x_wconf 92' lang='lat' dir='ltr'>perenni</span> <span class='ocrx_word' id='word_1_122' title='bbox 878 1574 1040 1654; x_wconf 89' lang='lat' dir='ltr'>obprobrio</span> <span class='ocrx_word' id='word_1_123' title='bbox 1062 1587 1092 1636; x_wconf 91' lang='lat' dir='ltr'>et</span> 
     </span>
     <span class='ocr_line' id='line_1_18' title="bbox 88 1659 1090 1743; baseline -0.011 -14"><span class='ocrx_word' id='word_1_124' title='bbox 88 1668 124 1729; x_wconf 94' lang='lat' dir='ltr'>ad</span> <span class='ocrx_word' id='word_1_125' title='bbox 146 1665 269 1726; x_wconf 90' lang='lat' dir='ltr'>omnium</span> <span class='ocrx_word' id='word_1_126' title='bbox 291 1664 416 1725; x_wconf 75' lang='lat' dir='ltr'>canaida</span> <span class='ocrx_word' id='word_1_127' title='bbox 439 1663 586 1743; x_wconf 89' lang='lat' dir='ltr'>exposito.</span> <span class='ocrx_word' id='word_1_128' title='bbox 631 1661 736 1723; x_wconf 89' lang='lat' dir='ltr'>Omitto</span> <span class='ocrx_word' id='word_1_129' title='bbox 763 1659 845 1721; x_wconf 79' lang='lat' dir='ltr'>Calvi</span> <span class='ocrx_word' id='word_1_130' title='bbox 868 1660 960 1721; x_wconf 84' lang='lat' dir='ltr'>licini</span> <span class='ocrx_word' id='word_1_131' title='bbox 969 1660 1090 1732; x_wconf 65' lang='lat' dir='ltr'>„notissi-</span> 
     </span>
     <span class='ocr_line' id='line_1_19' title="bbox 89 1764 855 1811; baseline -0.005 0"><span class='ocrx_word' id='word_1_132' title='bbox 89 1768 151 1811; x_wconf 91' lang='lat' dir='ltr'>mos</span> <span class='ocrx_word' id='word_1_133' title='bbox 165 1767 285 1810; x_wconf 84' lang='lat' dir='ltr'>versus:</span> <span class='ocrx_word' id='word_1_134' title='bbox 853 1764 855 1769; x_wconf 38' lang='lat'>⁸</span> 
     </span>
     <span class='ocr_line' id='line_1_20' title="bbox 691 1835 966 1910; baseline 0 -19"><span class='ocrx_word' id='word_1_135' title='bbox 691 1835 823 1908; x_wconf 77' lang='lat' dir='ltr'>Bithynia</span> <span class='ocrx_word' id='word_1_136' title='bbox 833 1836 966 1910; x_wconf 81' lang='lat' dir='ltr'>quioquid</span> 
     </span>
     <span class='ocr_line' id='line_1_21' title="bbox 53 1919 831 1994; baseline -0.004 -15"><span class='ocrx_word' id='word_1_137' title='bbox 53 1929 81 1970; x_wconf 87' lang='lat'>20</span> <span class='ocrx_word' id='word_1_138' title='bbox 216 1922 253 1978; x_wconf 83' lang='lat' dir='ltr'>Et</span> <span class='ocrx_word' id='word_1_139' title='bbox 260 1922 422 1994; x_wconf 74' lang='lat' dir='ltr'>praedicator</span> <span class='ocrx_word' id='word_1_140' title='bbox 436 1922 566 1978; x_wconf 76' lang='lat' dir='ltr'>Caesarie</span> <span class='ocrx_word' id='word_1_141' title='bbox 586 1937 717 1992; x_wconf 82' lang='lat' dir='ltr'>umquam</span> <span class='ocrx_word' id='word_1_142' title='bbox 730 1919 831 1976; x_wconf 80' lang='lat' dir='ltr'>babuit.</span> 
     </span>
     <span class='ocr_line' id='line_1_22' title="bbox 88 1997 1090 2081; baseline -0.003 -17"><span class='ocrx_word' id='word_1_143' title='bbox 88 2004 247 2064; x_wconf 90' lang='lat' dir='ltr'>Praetereo</span> <span class='ocrx_word' id='word_1_144' title='bbox 276 2001 407 2059; x_wconf 89' lang='lat' dir='ltr'>actiones</span> <span class='ocrx_word' id='word_1_145' title='bbox 426 1999 601 2061; x_wconf 86' lang='lat' dir='ltr'>Dolabellae</span> <span class='ocrx_word' id='word_1_146' title='bbox 621 2009 652 2059; x_wconf 93' lang='lat' dir='ltr'>et</span> <span class='ocrx_word' id='word_1_147' title='bbox 681 1997 815 2059; x_wconf 81' lang='lat' dir='ltr'>Curionis</span> <span class='ocrx_word' id='word_1_148' title='bbox 845 2003 951 2081; x_wconf 92' lang='lat' dir='ltr'>patris,</span> <span class='ocrx_word' id='word_1_149' title='bbox 981 2000 1010 2061; x_wconf 89' lang='lat' dir='ltr'>in</span> <span class='ocrx_word' id='word_1_150' title='bbox 1030 2002 1090 2080; x_wconf 94' lang='lat' dir='ltr'>qui·</span> 
     </span>
     <span class='ocr_line' id='line_1_23' title="bbox 87 2081 1092 2161; baseline -0.001 -15"><span class='ocrx_word' id='word_1_151' title='bbox 87 2087 144 2146; x_wconf 90' lang='lat' dir='ltr'>bus</span> <span class='ocrx_word' id='word_1_152' title='bbox 171 2100 235 2142; x_wconf 90' lang='lat' dir='ltr'>eum</span> <span class='ocrx_word' id='word_1_153' title='bbox 259 2081 412 2142; x_wconf 87' lang='lat' dir='ltr'>Dolabella</span> <span class='ocrx_word' id='word_1_154' title='bbox 434 2081 562 2159; x_wconf 76' lang='lat' dir='ltr'>pelicem</span> <span class='ocrx_word' id='word_1_155' title='bbox 576 2083 720 2161; x_wconf 75' lang='lat' dir='ltr'>reginae,</span> <span class='ocrx_word' id='word_1_156' title='bbox 750 2082 902 2161; x_wconf 78' lang='lat' dir='ltr'>spondam</span> <span class='ocrx_word' id='word_1_157' title='bbox 915 2084 1092 2149; x_wconf 81' lang='lat' dir='ltr'>interiorem</span> 
     </span>
     <span class='ocr_line' id='line_1_24' title="bbox 88 2162 1089 2249; baseline -0.002 -18"><span class='ocrx_word' id='word_1_158' title='bbox 88 2167 198 2248; x_wconf 75' lang='lat' dir='ltr'>regiae</span> <span class='ocrx_word' id='word_1_159' title='bbox 211 2165 354 2242; x_wconf 83' lang='lat' dir='ltr'>lecticae,</span> <span class='ocrx_word' id='word_1_160' title='bbox 380 2182 416 2224; x_wconf 90' lang='lat' dir='ltr'>ac</span> <span class='ocrx_word' id='word_1_161' title='bbox 442 2162 529 2224; x_wconf 77' lang='lat' dir='ltr'>Curio</span> <span class='ocrx_word' id='word_1_162' title='bbox 554 2165 709 2227; x_wconf 75' lang='lat' dir='ltr'>stabolum</span> <span class='ocrx_word' id='word_1_163' title='bbox 731 2165 909 2229; x_wconf 73' lang='lat' dir='ltr'>Nicomedis</span> <span class='ocrx_word' id='word_1_164' title='bbox 932 2176 961 2229; x_wconf 90' lang='lat' dir='ltr'>et</span> <span class='ocrx_word' id='word_1_165' title='bbox 984 2167 1089 2249; x_wconf 77' lang='lat' dir='ltr'>Bitlty-</span> 
     </span>
     <span class='ocr_line' id='line_1_25' title="bbox 88 2248 1091 2334; baseline -0.003 -19"><span class='ocrx_word' id='word_1_166' title='bbox 88 2254 192 2316; x_wconf 81' lang='lat' dir='ltr'>nicam</span> <span class='ocrx_word' id='word_1_167' title='bbox 219 2249 370 2330; x_wconf 76' lang='lat' dir='ltr'>fornicem</span> <span class='ocrx_word' id='word_1_168' title='bbox 394 2248 500 2309; x_wconf 91' lang='lat' dir='ltr'>dicunt.</span> <span class='ocrx_word' id='word_1_169' title='bbox 544 2249 633 2310; x_wconf 88' lang='lat' dir='ltr'>blissa</span> <span class='ocrx_word' id='word_1_170' title='bbox 660 2252 744 2310; x_wconf 86' lang='lat' dir='ltr'>etiam</span> <span class='ocrx_word' id='word_1_171' title='bbox 768 2252 844 2313; x_wconf 90' lang='lat' dir='ltr'>iacio</span> <span class='ocrx_word' id='word_1_172' title='bbox 873 2251 967 2334; x_wconf 84' lang='lat' dir='ltr'>edicta</span> <span class='ocrx_word' id='word_1_173' title='bbox 985 2250 1091 2330; x_wconf 81' lang='lat' dir='ltr'>bibuli,</span> 
     </span>
     <span class='ocr_line' id='line_1_26' title="bbox 52 2332 1090 2418; baseline -0.001 -22"><span class='ocrx_word' id='word_1_174' title='bbox 52 2355 79 2396; x_wconf 71' lang='grc' dir='ltr'>ιι</span> <span class='ocrx_word' id='word_1_175' title='bbox 89 2336 193 2418; x_wconf 92' lang='lat' dir='ltr'>quibus</span> <span class='ocrx_word' id='word_1_176' title='bbox 215 2334 388 2415; x_wconf 90' lang='lat' dir='ltr'>proscripsit</span> <span class='ocrx_word' id='word_1_177' title='bbox 406 2332 555 2413; x_wconf 73' lang='lat' dir='ltr'>collegam</span> <span class='ocrx_word' id='word_1_178' title='bbox 569 2351 658 2394; x_wconf 82' lang='lat' dir='ltr'>eoam</span> <span class='ocrx_word' id='word_1_179' title='bbox 672 2333 867 2415; x_wconf 79' lang='lat' dir='ltr'>Bithynicam</span> <span class='ocrx_word' id='word_1_180' title='bbox 881 2335 1031 2416; x_wconf 72' lang='lat' dir='ltr'>rapinam,</span> <span class='ocrx_word' id='word_1_181' title='bbox 1049 2335 1090 2395; x_wconf 91' lang='lat' dir='ltr'>ei·</span> 
     </span>
     <span class='ocr_line' id='line_1_27' title="bbox 90 2417 1091 2503; baseline -0.001 -23"><span class='ocrx_word' id='word_1_182' title='bbox 90 2438 149 2503; x_wconf 79' lang='lat' dir='ltr'>que</span> <span class='ocrx_word' id='word_1_183' title='bbox 169 2425 262 2480; x_wconf 85' lang='lat' dir='ltr'>antea</span> <span class='ocrx_word' id='word_1_184' title='bbox 282 2417 502 2498; x_wconf 64' lang='lat' dir='ltr'>recensuisse</span> <span class='ocrx_word' id='word_1_185' title='bbox 524 2418 631 2495; x_wconf 84' lang='lat' dir='ltr'>cordi,</span> <span class='ocrx_word' id='word_1_186' title='bbox 657 2438 738 2481; x_wconf 80' lang='lat' dir='ltr'>canc</span> <span class='ocrx_word' id='word_1_187' title='bbox 761 2438 829 2481; x_wconf 82' lang='lat' dir='ltr'>esee</span> <span class='ocrx_word' id='word_1_188' title='bbox 851 2439 987 2501; x_wconf 73' lang='lat' dir='ltr'>regnum.</span> <span class='ocrx_word' id='word_1_189' title='bbox 1027 2421 1091 2497; x_wconf 78' lang='lat' dir='ltr'>Quo</span> 
     </span>
     <span class='ocr_line' id='line_1_28' title="bbox 90 2502 1090 2585; baseline -0.002 -19"><span class='ocrx_word' id='word_1_190' title='bbox 90 2515 237 2583; x_wconf 91' lang='lat' dir='ltr'>tempore,</span> <span class='ocrx_word' id='word_1_191' title='bbox 272 2512 302 2564; x_wconf 93' lang='lat' dir='ltr'>ut</span> <span class='ocrx_word' id='word_1_192' title='bbox 318 2502 433 2565; x_wconf 79' lang='lat' dir='ltr'>blancus</span> <span class='ocrx_word' id='word_1_193' title='bbox 447 2502 552 2564; x_wconf 88' lang='lat' dir='ltr'>Brutus</span> <span class='ocrx_word' id='word_1_194' title='bbox 569 2503 676 2583; x_wconf 85' lang='lat' dir='ltr'>refert,</span> <span class='ocrx_word' id='word_1_195' title='bbox 699 2504 836 2567; x_wconf 86' lang='lat' dir='ltr'>Octavius</span> <span class='ocrx_word' id='word_1_196' title='bbox 860 2507 945 2566; x_wconf 89' lang='lat' dir='ltr'>etiam</span> <span class='ocrx_word' id='word_1_197' title='bbox 967 2506 1090 2585; x_wconf 91' lang='lat' dir='ltr'>quidam,</span> 
     </span>
     <span class='ocr_line' id='line_1_29' title="bbox 89 2587 1091 2669; baseline -0.001 -17"><span class='ocrx_word' id='word_1_198' title='bbox 89 2587 246 2651; x_wconf 83' lang='lat' dir='ltr'>valitudine</span> <span class='ocrx_word' id='word_1_199' title='bbox 275 2588 378 2649; x_wconf 89' lang='lat' dir='ltr'>mentis</span> <span class='ocrx_word' id='word_1_200' title='bbox 404 2587 524 2650; x_wconf 89' lang='lat' dir='ltr'>liberius</span> <span class='ocrx_word' id='word_1_201' title='bbox 555 2588 656 2667; x_wconf 88' lang='lat' dir='ltr'>dicax,</span> <span class='ocrx_word' id='word_1_202' title='bbox 688 2599 834 2651; x_wconf 88' lang='lat' dir='ltr'>conventu</span> <span class='ocrx_word' id='word_1_203' title='bbox 861 2592 1004 2669; x_wconf 86' lang='lat' dir='ltr'>maximo,</span> <span class='ocrx_word' id='word_1_204' title='bbox 1028 2609 1091 2651; x_wconf 92' lang='lat' dir='ltr'>cum</span> 
     </span>
     <span class='ocr_line' id='line_1_30' title="bbox 89 2672 1090 2754; baseline -0.002 -18"><span class='ocrx_word' id='word_1_205' title='bbox 89 2672 257 2752; x_wconf 88' lang='lat' dir='ltr'>Pompeium</span> <span class='ocrx_word' id='word_1_206' title='bbox 290 2690 392 2751; x_wconf 90' lang='lat' dir='ltr'>regem</span> <span class='ocrx_word' id='word_1_207' title='bbox 429 2672 623 2753; x_wconf 89' lang='lat' dir='ltr'>appellasset,</span> <span class='ocrx_word' id='word_1_208' title='bbox 664 2674 758 2754; x_wconf 91' lang='lat' dir='ltr'>ipsum</span> <span class='ocrx_word' id='word_1_209' title='bbox 787 2676 918 2753; x_wconf 83' lang='lat' dir='ltr'>reginam</span> <span class='ocrx_word' id='word_1_210' title='bbox 948 2674 1090 2738; x_wconf 87' lang='lat' dir='ltr'>salutavit.</span> 
     </span>
     <span class='ocr_line' id='line_1_31' title="bbox 55 2755 1090 2834; baseline 0.006 -20"><span class='ocrx_word' id='word_1_211' title='bbox 55 2771 81 2814; x_wconf 80' lang='lat' dir='ltr'>eo</span> <span class='ocrx_word' id='word_1_212' title='bbox 92 2757 153 2820; x_wconf 83' lang='lat' dir='ltr'>Sed</span> <span class='ocrx_word' id='word_1_213' title='bbox 175 2755 209 2818; x_wconf 81' lang='lat'>0.</span> <span class='ocrx_word' id='word_1_214' title='bbox 224 2756 372 2818; x_wconf 86' lang='lat' dir='ltr'>blemmius</span> <span class='ocrx_word' id='word_1_215' title='bbox 390 2757 529 2818; x_wconf 89' lang='lat' dir='ltr'>etiamad</span> <span class='ocrx_word' id='word_1_216' title='bbox 551 2758 683 2834; x_wconf 77' lang='lat' dir='ltr'>cyathum</span> <span class='ocrx_word' id='word_1_217' title='bbox 704 2768 734 2819; x_wconf 91' lang='lat' dir='ltr'>et</span> <span class='ocrx_word' id='word_1_218' title='bbox 750 2758 845 2819; x_wconf 86' lang='lat' dir='ltr'>vinum</span> <span class='ocrx_word' id='word_1_219' title='bbox 862 2759 1013 2820; x_wconf 90' lang='lat' dir='ltr'>Nicomedi</span> <span class='ocrx_word' id='word_1_220' title='bbox 1033 2769 1090 2820; x_wconf 90' lang='lat' dir='ltr'>ste-</span> 
     </span>
     <span class='ocr_line' id='line_1_32' title="bbox 69 2839 1091 2924; baseline -0.001 -22"><span class='ocrx_word' id='word_1_221' title='bbox 69 2840 163 2902; x_wconf 87' lang='lat' dir='ltr'>’tisse</span> <span class='ocrx_word' id='word_1_222' title='bbox 182 2839 288 2920; x_wconf 91' lang='lat' dir='ltr'>obicit,</span> <span class='ocrx_word' id='word_1_223' title='bbox 318 2860 381 2903; x_wconf 91' lang='lat' dir='ltr'>cum</span> <span class='ocrx_word' id='word_1_224' title='bbox 400 2841 521 2923; x_wconf 91' lang='lat' dir='ltr'>reliquis</span> <span class='ocrx_word' id='word_1_225' title='bbox 545 2842 686 2922; x_wconf 86' lang='lat' dir='ltr'>exoletis,</span> <span class='ocrx_word' id='word_1_226' title='bbox 716 2844 804 2924; x_wconf 94' lang='lat' dir='ltr'>pleno</span> <span class='ocrx_word' id='word_1_227' title='bbox 831 2844 984 2921; x_wconf 87' lang='lat' dir='ltr'>convivio,</span> <span class='ocrx_word' id='word_1_228' title='bbox 1007 2861 1091 2906; x_wconf 88' lang='lat' dir='ltr'>accu-</span> 
     </span>
     <span class='ocr_line' id='line_1_33' title="bbox 91 2925 1094 3008; baseline -0.002 -20"><span class='ocrx_word' id='word_1_229' title='bbox 91 2925 223 2988; x_wconf 88' lang='lat' dir='ltr'>bantibus</span> <span class='ocrx_word' id='word_1_230' title='bbox 253 2926 396 2987; x_wconf 91' lang='lat' dir='ltr'>nonnullis</span> <span class='ocrx_word' id='word_1_231' title='bbox 424 2925 534 2987; x_wconf 86' lang='lat' dir='ltr'>urbicis</span> <span class='ocrx_word' id='word_1_232' title='bbox 562 2929 810 3007; x_wconf 78' lang='lat' dir='ltr'>negotiatoribus,</span> <span class='ocrx_word' id='word_1_233' title='bbox 848 2945 969 3008; x_wconf 88' lang='lat' dir='ltr'>quorum</span> <span class='ocrx_word' id='word_1_234' title='bbox 1000 2927 1094 2987; x_wconf 83' lang='lat' dir='ltr'>refert</span> 
     </span>
     <span class='ocr_line' id='line_1_34' title="bbox 90 3009 1093 3093; baseline -0.002 -22"><span class='ocrx_word' id='word_1_235' title='bbox 90 3010 215 3071; x_wconf 89' lang='lat' dir='ltr'>nomina.</span> <span class='ocrx_word' id='word_1_236' title='bbox 254 3009 360 3072; x_wconf 84' lang='lat' dir='ltr'>Cicero</span> <span class='ocrx_word' id='word_1_237' title='bbox 376 3027 448 3072; x_wconf 87' lang='lat' dir='ltr'>vero</span> <span class='ocrx_word' id='word_1_238' title='bbox 471 3026 528 3071; x_wconf 92' lang='lat' dir='ltr'>non</span> <span class='ocrx_word' id='word_1_239' title='bbox 546 3021 698 3073; x_wconf 86' lang='lat' dir='ltr'>contentus</span> <span class='ocrx_word' id='word_1_240' title='bbox 718 3013 747 3073; x_wconf 91' lang='lat' dir='ltr'>ln</span> <span class='ocrx_word' id='word_1_241' title='bbox 770 3011 938 3093; x_wconf 89' lang='lat' dir='ltr'>quibusdam</span> <span class='ocrx_word' id='word_1_242' title='bbox 959 3010 1093 3093; x_wconf 90' lang='lat' dir='ltr'>epistulis</span> 
     </span>
     <span class='ocr_line' id='line_1_35' title="bbox 90 3094 1093 3176; baseline -0.001 -21"><span class='ocrx_word' id='word_1_243' title='bbox 90 3095 261 3173; x_wconf 84' lang='lat' dir='ltr'>scripsisse,</span> <span class='ocrx_word' id='word_1_244' title='bbox 281 3114 298 3156; x_wconf 90' lang='lat' dir='ltr'>a</span> <span class='ocrx_word' id='word_1_245' title='bbox 318 3094 490 3157; x_wconf 89' lang='lat' dir='ltr'>satellitibus</span> <span class='ocrx_word' id='word_1_246' title='bbox 514 3112 577 3157; x_wconf 86' lang='lat' dir='ltr'>eum</span> <span class='ocrx_word' id='word_1_247' title='bbox 598 3097 627 3156; x_wconf 90' lang='lat' dir='ltr'>in</span> <span class='ocrx_word' id='word_1_248' title='bbox 649 3096 810 3160; x_wconf 89' lang='lat' dir='ltr'>cubiculum</span> <span class='ocrx_word' id='word_1_249' title='bbox 828 3099 941 3176; x_wconf 86' lang='lat' dir='ltr'>regium</span> <span class='ocrx_word' id='word_1_250' title='bbox 959 3096 1093 3157; x_wconf 91' lang='lat' dir='ltr'>eductum</span> 
     </span>
     <span class='ocr_line' id='line_1_36' title="bbox 56 3177 1091 3261; baseline 0 -21"><span class='ocrx_word' id='word_1_251' title='bbox 56 3177 122 3240; x_wconf 82' lang='lat' dir='ltr'>euin</span> <span class='ocrx_word' id='word_1_252' title='bbox 143 3194 232 3241; x_wconf 83' lang='lat' dir='ltr'>aureo</span> <span class='ocrx_word' id='word_1_253' title='bbox 249 3179 328 3239; x_wconf 90' lang='lat' dir='ltr'>lecto</span> <span class='ocrx_word' id='word_1_254' title='bbox 346 3189 430 3240; x_wconf 82' lang='lat' dir='ltr'>veste</span> <span class='ocrx_word' id='word_1_255' title='bbox 454 3196 599 3259; x_wconf 91' lang='lat' dir='ltr'>purpurea</span> <span class='ocrx_word' id='word_1_256' title='bbox 620 3181 812 3260; x_wconf 89' lang='lat' dir='ltr'>decubuisse,</span> <span class='ocrx_word' id='word_1_257' title='bbox 835 3183 995 3261; x_wconf 87' lang='lat' dir='ltr'>floremque</span> <span class='ocrx_word' id='word_1_258' title='bbox 1016 3189 1091 3241; x_wconf 90' lang='lat' dir='ltr'>aeta·</span> 
     </span>
     <span class='ocr_line' id='line_1_37' title="bbox 91 3261 1093 3346; baseline 0.003 -25"><span class='ocrx_word' id='word_1_259' title='bbox 91 3261 129 3325; x_wconf 81' lang='lat' dir='ltr'>tls</span> <span class='ocrx_word' id='word_1_260' title='bbox 150 3263 300 3325; x_wconf 78' lang='lat' dir='ltr'>evenere</span> <span class='ocrx_word' id='word_1_261' title='bbox 315 3265 371 3324; x_wconf 91' lang='lat' dir='ltr'>orti</span> <span class='ocrx_word' id='word_1_262' title='bbox 388 3264 418 3324; x_wconf 91' lang='lat' dir='ltr'>in</span> <span class='ocrx_word' id='word_1_263' title='bbox 431 3263 563 3339; x_wconf 72' lang='lat' dir='ltr'>bithynia</span> <span class='ocrx_word' id='word_1_264' title='bbox 587 3267 822 3345; x_wconf 87' lang='lat' dir='ltr'>contaminatum,</span> <span class='ocrx_word' id='word_1_265' title='bbox 845 3266 987 3346; x_wconf 89' lang='lat' dir='ltr'>quondam</span> <span class='ocrx_word' id='word_1_266' title='bbox 1008 3267 1093 3327; x_wconf 89' lang='lat' dir='ltr'>etiam</span> 
     </span>
     <span class='ocr_line' id='line_1_38' title="bbox 91 3345 1093 3430; baseline 0.004 -24"><span class='ocrx_word' id='word_1_267' title='bbox 91 3345 122 3407; x_wconf 90' lang='lat' dir='ltr'>in</span> <span class='ocrx_word' id='word_1_268' title='bbox 143 3354 245 3408; x_wconf 89' lang='lat' dir='ltr'>senatu</span> <span class='ocrx_word' id='word_1_269' title='bbox 266 3345 432 3410; x_wconf 89' lang='lat' dir='ltr'>deleudeuti</span> <span class='ocrx_word' id='word_1_270' title='bbox 460 3350 487 3409; x_wconf 91' lang='lat' dir='ltr'>ei</span> <span class='ocrx_word' id='word_1_271' title='bbox 503 3348 612 3424; x_wconf 50' lang='lat' dir='ltr'>¹Nysae</span> <span class='ocrx_word' id='word_1_272' title='bbox 644 3368 775 3430; x_wconf 89' lang='lat' dir='ltr'>causam,</span> <span class='ocrx_word' id='word_1_273' title='bbox 808 3351 885 3420; x_wconf 88' lang='lat' dir='ltr'>tiliae</span> <span class='ocrx_word' id='word_1_274' title='bbox 914 3350 1093 3428; x_wconf 90' lang='lat' dir='ltr'>Nicomedis,</span> 
     </span>
     <span class='ocr_line' id='line_1_39' title="bbox 91 3429 1092 3517; baseline 0.003 -26"><span class='ocrx_word' id='word_1_275' title='bbox 91 3429 294 3512; x_wconf 75' lang='lat' dir='ltr'>beneficiaque</span> <span class='ocrx_word' id='word_1_276' title='bbox 323 3435 403 3512; x_wconf 86' lang='lat' dir='ltr'>regis</span> <span class='ocrx_word' id='word_1_277' title='bbox 434 3434 462 3493; x_wconf 97' lang='lat' dir='ltr'>in</span> <span class='ocrx_word' id='word_1_278' title='bbox 491 3451 524 3494; x_wconf 87' lang='lat' dir='ltr'>se</span> <span class='ocrx_word' id='word_1_279' title='bbox 557 3435 791 3497; x_wconf 76' lang='lat' dir='ltr'>commemorauit</span> <span class='ocrx_word' id='word_1_280' title='bbox 814 3435 965 3515; x_wconf 85' lang='lat' dir='ltr'>ltemooe,</span> <span class='ocrx_word' id='word_1_281' title='bbox 992 3436 1092 3517; x_wconf 84' lang='lat' dir='ltr'>inquit,</span> 
     </span>
    </p>
   </div>
   <div class='ocr_carea' id='block_1_3' title="bbox 0 0 1172 3870">
    <p class='ocr_par' dir='ltr' id='par_1_3' title="bbox 0 0 1172 3870">
     <span class='ocr_line' id='line_1_40' title="bbox 0 0 1172 3870; baseline 0 1"><span class='ocrx_word' id='word_1_282' title='bbox 0 0 1172 3870; x_wconf 95' lang='lat' dir='ltr'> </span> 
     </span>
    </p>
   </div>
  </div>
 </body>
</html>
