2286 3862
112 190 197 238 xxlv
454 187 662 236 PRAEFATIO.

118 349 180 406 dem
199 348 334 404 librorum
358 345 516 403 discrimina
542 351 609 418 quot
632 352 785 417 temporum
803 346 924 402 decursu
951 346 1027 404 saeta

98 439 197 502 ‚sunt,
217 438 244 488 at
263 431 359 487 eadem
373 436 450 486 certa
465 446 570 499 genera
589 445 621 484 aa
636 428 768 486 familiae.

77 522 109 565 dt·
181 516 212 571 ln
230 513 341 587 optimis
363 519 392 569 et
411 512 612 584 antiquissimis
630 513 774 570 codicibus
796 516 861 584 post
882 512 1026 570 Memmia-

76 575 181 655 Ιιι’1111111
209 599 271 655 iure
298 602 428 653 censetur
454 596 629 652 Florentinus
657 596 844 652 biediceus
874 596 961 668 plutei
990 603 1026 658 68

117 698 231 738 numero
248 685 264 740 7
285 676 345 752 (ap.
361 680 538 736 bientiaucon
555 674 603 753 10)
625 678 705 736 Sacc.
721 678 768 735 xt.
794 679 868 734 binis
886 680 1022 737 columnis

117 767 248 838 scriptus.
294 763 415 820 Tertium
437 764 522 834 vulgo
550 763 692 820 nominant
717 756 946 836 biediceorum¹¹)
971 780 1023 819 co-

117 865 193 919 rum,
217 864 286 918 qnos
310 847 427 904 lacobus
447 846 583 902 Fridarici
608 846 628 902 i.
646 846 803 902 Gronovius
829 846 864 902 ad
884 846 1024 918 margines

118 931 270 1004 Gryphiani
287 930 406 1003 exempli
427 946 453 986 a.
470 935 538 988 1644
552 929 620 985 editi
637 930 755 986 collatos
770 929 951 1001 possidebat,
973 930 1025 985 sad

117 1015 208 1086 aliqua
224 1014 395 1072 conscientia
410 1012 590 1085 praepeditus
608 1028 698 1083 neque
714 1013 775 1084 ipse
791 1012 818 1067 in
833 1029 883 1069 sna
899 1012 1024 1070 editione

117 1098 243 1155 adhibuit
257 1113 348 1168 neque
363 1096 427 1153 aliis
448 1096 566 1153 utendos
581 1095 721 1167 permisit;
746 1096 836 1152 donec
849 1095 1024 1154 Abrahamus

117 1180 275 1238 Gronovius
290 1186 369 1251 patre
386 1195 437 1235 suo
453 1184 560 1234 mortuo
578 1195 626 1235 eas
640 1180 737 1251 copias
751 1178 950 1252 Oudendonpio
966 1186 1025 1236 tra-

116 1264 194 1320 didit.
240 1261 300 1319 Non
319 1263 391 1320 male
411 1262 507 1318 collati
532 1278 596 1318 esse
617 1263 763 1332 videntur,
790 1262 842 1318 sed
863 1262 1024 1334 frequenter

115 1347 224 1403 numeri
242 1347 341 1418 quibus
365 1345 571 1416 distinguuntur
597 1353 620 1404 1.
644 1351 710 1406 23
734 1345 832 1401 nescio
857 1347 936 1404 cuius
954 1346 1024 1402 vitio

116 1430 225 1495 coninsi
248 1436 330 1500 sunt,
353 1445 405 1501 qua
427 1446 458 1484 re
481 1445 575 1486 eorum
599 1430 735 1485 librorum
758 1429 910 1486 auctoritas
933 1429 1024 1486 minus

116 1520 193 1572 certa
215 1515 269 1571 iida
292 1513 397 1570 nititur.
442 1513 528 1569 Hnius
552 1513 637 1584 igitur
654 1513 728 1569 tertii
748 1513 948 1586 praestantiam
971 1513 1024 1570 iam

115 1597 268 1655 Potitianus
293 1602 466 1667 cognoverat
491 1597 611 1667 ideoque
634 1597 788 1654 contulerat
811 1613 835 1652 a.
858 1602 942 1663 14803
960 1592 1024 1654 nam

116 1682 140 1737 is
155 1680 332 1736 Florentinus
354 1680 445 1735 codex
465 1693 501 1732 ax
517 1679 548 1733 D.
565 1678 651 1734 biaroi
667 1679 839 1737 bibliotheca
857 1697 937 1752 quem
948 1697 1024 1746 ¹aon-

115 1762 214 1818 tuiissc
230 1777 262 1817 se
280 1761 319 1817 ait
333 1777 387 1816 non
404 1761 475 1816 alius
490 1760 542 1815 iuit
556 1767 639 1832 atque
654 1762 795 1821 biediceus
807 1770 834 1834 3,
853 1763 882 1820 id
897 1766 972 1836 quod
987 1780 1024 1826 ex

116 1844 192 1901 vitiis
213 1844 254 1899 iiii
276 1844 399 1916 propriis
418 1842 597 1914 intelligitnr3
617 1847 703 1903 verba
725 1863 752 1918 p.
770 1854 836 1918 129,
858 1854 891 1906 21
915 1853 944 1904 ut
962 1850 1024 1921 qai·

115 1928 180 1983 dam
189 1932 308 1999 putsch·
327 1945 352 2001 p.
366 1933 426 1997 249,
445 1932 460 1987 7
475 1929 535 1983 illos
550 1929 602 1983 sibi
615 1931 781 1995 reddidisse5
794 1949 822 2003 p.
838 1937 900 2002 250,
915 1937 949 1990 22
964 1934 1023 1988 ius·

114 2016 191 2067 serat
205 2012 305 2067 deesse
316 2011 467 2068 Politianus
484 2017 511 2066 et
527 2009 685 2070 Gronovius
700 2014 883 2085 prodiderunt
899 2015 965 2072 soii.
995 2015 1023 2073 ls

115 2094 202 2165 igitur
218 2095 291 2150 liber
310 2095 344 2151 ad
359 2094 549 2151 Memmianum
563 2092 732 2168 proxime¹³)
754 2099 865 2155 accedit
885 2116 918 2156 ac
933 2115 1020 2173 saepe

113 2179 189 2234 scius
207 2195 267 2234 cum
289 2195 323 2235 eo
345 2179 390 2235 val
415 2184 492 2235 recta
514 2181 638 2237 servavit
653 2182 699 2238 vel
721 2188 870 2254 corruptus
887 2189 946 2253 est,
969 2184 1020 2238 cir.

112 2280 140 2335 p·
156 2269 206 2333 21,
221 2269 256 2323 30
270 2268 296 2319 et
311 2265 338 2318 oi
351 2262 495 2319 Nicomedi
506 2263 655 2336 scriptum
673 2283 699 2337 p.
714 2271 766 2335 32,
781 2271 815 2325 26
832 2271 860 2320 et
874 2272 925 2335 76,
944 2272 976 2325 12
993 2273 1022 2323 et

111 2352 155 2418 92,
173 2354 205 2408 31
224 2347 300 2403 libris
316 2353 345 2402 et
357 2349 493 2419 inpactum
509 2352 536 2402 et
553 2349 611 2402 aas
625 2347 737 2404 omissa.
783 2349 839 2403 Sed
854 2351 940 2405 rnnlto
956 2366 1021 2406 sae-

111 2431 173 2502 pius
189 2430 380 2486 adiemmiano
395 2429 528 2486 desciscit
544 2436 572 2484 et
586 2431 621 2485 ad
634 2430 750 2486 aiterum
760 2448 867 2502 genus,
884 2432 964 2489 cuins
977 2439 1022 2489 est

77 2513 295 2569 u-htediceus
313 2513 464 2583 primus,
488 2511 621 2584 deflectit,
637 2518 667 2569 nt
683 2514 729 2570 vei
745 2530 806 2571 cum
823 2531 857 2571 eo
872 2516 935 2572 scio
951 2533 1020 2590 pee-

112 2600 172 2663 cet,
196 2600 225 2649 ut
240 2612 265 2666 p.
284 2601 333 2663 19,
347 2599 381 2654 36
397 2597 426 2648 in
442 2595 499 2650 dces
517 2601 545 2649 et
560 2612 587 2666 p.
605 2601 666 2666 104,
682 2602 716 2656 14
730 2615 860 2672 umquam
876 2598 1017 2671 omittens,

112 2678 157 2731 vei
174 2693 234 2732 cum
250 2676 424 2733 multitudine
440 2677 610 2735 deteriorum
629 2679 763 2738 librorum
779 2682 906 2739 biadiceo
928 2683 1020 2755 primo

113 2760 236 2816 aiiiniunn
266 2762 362 2817 eadem
392 2762 551 2834 corruptela
582 2762 712 2819 laboret:
753 2766 1019 2823 Tornacensesn

113 2873 319 2886 ---.-

182 2937 229 3002 12)
247 2940 343 2990 Novam
354 2940 467 2992 Suetonii
481 2943 597 3008 exempla
609 2943 722 2995 Medicea
733 2954 881 2997 enumerant
895 2955 920 2997 et
936 2948 1018 2999 Mont-

112 3005 204 3057 iaucou
223 3017 247 3058 et
265 3009 380 3070 Bendini,
398 3010 462 3076 plut.
482 3010 525 3071 64,
545 3009 621 3064 3-9.
639 3011 680 3074 66,
699 3011 741 3064 39.
759 3014 801 3074 66,
817 3016 832 3064 7
851 3014 954 3080 (Mouti.
972 3014 1017 3084 10)

111 3074 232 3141 pleraque
250 3092 317 3129 saec.
333 3077 389 3129 XV.

182 3158 226 3222 13)
243 3161 293 3211 Eos
312 3162 367 3212 dieo
387 3164 429 3226 qui
447 3171 591 3215 constanter
608 3168 745 3233 comparati
763 3176 829 3217 sunt.
867 3168 931 3218 Nam
945 3168 1016 3220 Pari·

111 3228 194 3278 sinum
211 3229 280 3282 5804
298 3245 364 3282 saec.
380 3230 436 3283 XV.
453 3233 545 3296 ubique
564 3232 617 3283 iere
635 3250 692 3284 cum
705 3235 855 3286 Memmiana
870 3235 954 3287 facere
971 3238 1015 3287 da·

111 3297 242 3362 prehendi.
279 3298 349 3349 Certe
367 3298 538 3352 Parisinorum
556 3303 625 3352 solus
644 3319 701 3353 oum
724 3304 873 3354 Memmiano
897 3321 923 3371 p.
944 3305 973 3366 3,
998 3305 1016 3357 8

111 3366 208 3416 Annam
224 3383 302 3433 aperte
316 3375 425 3429 sextum
443 3385 468 3436 p.
484 3371 527 3432 53,
545 3369 562 3422 3
581 3375 688 3436 coempti
704 3375 729 3424 in
742 3375 891 3436 perniciem
910 3390 935 3440 p.
957 3373 1006 3428 lot

112 3434 144 3485 18
162 3451 216 3486 eam
228 3440 333 3503 amptius
345 3438 466 3507 scriptum
483 3438 567 3493 habet.
