2286 3862
430 185 535 234 navus
553 185 740 235 uncnsrns.
1054 174 1094 235 63

99 366 134 407 ac
155 343 317 405 nominatim
342 341 474 418 singulos
495 340 574 401 nullo
598 339 804 411 submonente;
836 343 921 401 etiam
943 340 1096 402 discedens

99 429 201 490 eodem
222 427 308 488 modo
329 423 495 485 sedentibus
513 424 614 485 valere
635 423 758 486 dicebat.
794 424 897 485 Officia
919 442 982 485 cum
999 424 1096 486 multis

99 523 193 574 mutuo
208 513 357 587 exercuit,
379 527 435 569 nec
450 510 529 588 prius
545 509 607 569 dies
623 510 761 588 cuiusque
783 509 942 569 sollemnes
961 509 1094 589 frequen·

98 608 157 658 tare
173 597 272 672 desiit,
291 613 374 673 quam
390 593 491 670 grandi
509 594 564 654 ianr
578 602 645 653 natu
662 602 691 653 et
707 595 735 652 iu
751 592 833 654 turba
851 592 992 673 quondam
1007 609 1094 672 spon-

68 681 233 742 ssaliorum
254 678 301 738 die
322 686 452 737 vexatus.
494 675 605 738 Gallum
629 675 787 739 Terriniurn
814 687 978 738 senatorem
1004 678 1096 737 minus

97 765 150 825 sibi
170 762 357 839 familiarem,
379 760 430 821 sed
454 769 568 840 captum
587 769 708 838 repente
730 763 822 822 oculis
844 771 873 822 et
894 762 932 822 ob
955 760 982 820 id
1002 759 1096 820 inedia

97 849 167 908 mori
184 846 373 906 destinantem
386 862 529 923 praesens
546 842 724 904 consolando
738 847 888 905 revocarit
902 846 939 906 ad
954 846 1052 906 vitam.

158 929 191 989 lo
207 938 306 990 senatu
321 928 410 989 verba
424 929 542 990 facienti
557 928 664 988 dictum
682 936 740 991 est:
759 926 829 988 Non
847 928 999 1006 intellecti,
1014 937 1044 989 et
1059 926 1139 992 abbi

97 1016 168 1074 alio:
193 1011 445 1075 Contradicerem
460 1011 530 1089 tibi,
546 1012 689 1072 stlocum
704 1010 858 1073 baberent.
897 1010 1042 1072 Interdum
1058 1010 1096 1071 ob

62 1097 262 1158 roimmodicas
288 1097 508 1175 disceptantium
530 1096 738 1156 altercationes
760 1115 777 1156 e
798 1097 875 1155 curia
896 1096 1041 1174 perirem
1065 1112 1098 1154 se

96 1181 265 1261 proripienti
284 1180 396 1260 quidam
411 1182 612 1259 ingesserunt,
629 1179 722 1241 licere
736 1187 881 1258 oportere
899 1177 1099 1241 senatoribus

96 1267 133 1326 de
147 1283 182 1325 re
196 1282 229 1343 p.
256 1264 347 1344 loqui.
382 1262 523 1324 Antistius
545 1264 643 1324 Labeo
668 1274 786 1325 senatus
800 1264 945 1340 lectione,
969 1282 1033 1324 cum
1053 1262 1098 1323 vir

96 1352 187 1408 virum
202 1347 330 1424 legeret,
346 1347 384 1406 bl.
401 1346 539 1425 Lepidum
552 1345 665 1407 hostem
682 1348 749 1408 olim
768 1348 875 1408 eiuset
895 1357 963 1407 tunc
979 1347 1097 1408 exulan·

97 1443 153 1491 tem
177 1427 267 1506 legit,
292 1430 544 1508 interrogatusque
567 1430 603 1488 ab
629 1447 665 1489 eo
689 1449 725 1490 an
746 1440 846 1490 essent
864 1431 912 1490 alii
935 1431 1097 1506 digniores,

62 1537 87 1576 rs
98 1533 185 1575 wem
202 1530 348 1593 quemque
361 1511 507 1574 indiciam
522 1511 638 1572 bebere
652 1513 812 1591 respondit.
846 1512 909 1572 Nec
924 1512 991 1572 ideo
1011 1510 1097 1571 liber·

99 1610 143 1659 tas
161 1606 208 1658 aut
224 1597 402 1657 contumacia
418 1597 511 1657 fraudi
528 1598 657 1675 cuiqnam
672 1597 733 1656 fuit.
764 1596 857 1656 Etiam
877 1613 997 1674 sparsos
1013 1596 1049 1657 de
1064 1611 1138 1664 sess

97 1682 220 1741 incuria
242 1681 370 1741 famosos
392 1679 509 1741 libellos
529 1699 584 1741 nec
607 1682 725 1759 expavit
745 1689 774 1740 et
794 1698 897 1758 magna
916 1699 984 1740 cura
998 1679 1096 1742 redar-

96 1768 157 1844 guit
180 1784 214 1825 ac
238 1784 274 1824 ne
293 1766 440 1844 requisitis
465 1765 579 1844 quidem
599 1764 781 1842 auctoribus,
809 1765 837 1825 id
863 1764 950 1825 modo
976 1764 1096 1841 censuit,

98 1848 332 1928 cognoscendum
349 1849 470 1928 posthac
484 1849 520 1909 da
535 1850 585 1926 iis,
603 1849 650 1928 qui
668 1849 785 1909 libellos
800 1858 847 1910 aut
863 1849 988 1911 carmina
1004 1848 1040 1910 ad
1055 1849 1095 1908 in·

61 1935 210 1995 salamiam
226 1935 380 2012 cuiuspiam
395 1933 447 1993 sub
464 1934 559 1994 alieno
575 1934 688 1993 nomine
705 1933 798 1994 edant.

159 2017 236 2077 Iocis
253 2034 367 2095 quoque
379 2017 555 2096 quorundam
570 2017 719 2078 invidiosis
734 2026 781 2079 aut
794 2017 988 2097 petulantibus
1001 2016 1095 2079 luces·
1104 2020 1139 2077 56

98 2104 184 2176 situs,
201 2101 370 2160 contradixit
386 2101 491 2161 edicto.
520 2101 558 2161 lit
574 2111 668 2162 tamen
680 2120 716 2161 ne
728 2101 764 2162 de
777 2102 929 2163 inhibenda
942 2110 1095 2163 testamen·

97 2194 189 2244 torum
201 2183 316 2244 licentia
329 2185 481 2264 quicquam
493 2187 732 2263 constitueretur,
747 2188 922 2246 intercessit.
954 2187 1096 2262 Quotiens

95 2270 310 2347 magistratuum
326 2270 449 2329 comitiis
464 2270 633 2345 interesset,
655 2268 746 2330 tribus
768 2289 832 2330 curu
854 2269 1011 2331 candidatis
1037 2268 1096 2329 suis

59 2374 85 2413 ss
97 2350 237 2413 circuibat
252 2353 492 2433 supplicabatque
507 2371 588 2414 more
602 2353 742 2414 sollemni.
774 2353 901 2414 Ferebat
916 2364 945 2413 et
958 2355 1023 2432 ipse
1038 2351 1095 2412 sul·

95 2438 218 2514 fragium
237 2438 265 2495 iu
287 2437 378 2515 tribu,
399 2447 429 2498 ut
449 2457 521 2499 unus
545 2457 561 2498 e
584 2438 704 2518 populo.
744 2438 861 2499 Testem
880 2457 914 2498 se
935 2439 963 2496 in
983 2435 1096 2497 iudiciis

96 2530 125 2581 et
141 2522 315 2599 interrogari
336 2529 366 2581 et
387 2521 498 2600 refelli,
521 2524 697 2601 aequissimo
721 2524 813 2583 animo
837 2522 1008 2602 patiebatur.
1038 2521 1094 2581 Fo-

95 2624 156 2665 rum
181 2606 330 2683 angustius
356 2606 439 2683 lecit,
471 2624 528 2667 non
552 2625 638 2667 ausus
665 2616 840 2686 extorquere
872 2604 1094 2686 possessoribus

95 2690 241 2769 proximas
257 2689 369 2750 domos.
401 2690 559 2770 Numquam
575 2690 651 2752 lilios
666 2708 734 2751 suos
750 2691 861 2770 populo
885 2689 1095 2751 commendavit

59 2785 84 2825 3⁰
96 2782 126 2832 ut
141 2791 198 2833 non
215 2774 357 2835 adiceret:
382 2773 419 2835 Si
432 2774 635 2837 merebuntur.
668 2774 785 2835 Eisdem
798 2777 988 2854 praetextatis
1002 2773 1094 2836 adhuc

96 2867 289 2918 assurrectum
304 2859 340 2919 ab
362 2860 506 2920 uniuersis
524 2861 552 2920 in
573 2860 686 2921 theatro
708 2868 737 2919 et
761 2877 776 2919 a
797 2859 936 2920 stantibus
952 2859 1093 2939 plausum,

95 2942 266 3018 gravissime
291 2951 409 3022 questus
432 2953 486 3004 est.
521 2944 641 3004 Amicos
662 2944 701 3005 ita
720 2960 842 3021 magnos
866 2953 895 3004 et
915 2951 1051 3022 potentes
1066 2943 1095 2999 in

96 3025 211 3086 civitate
229 3044 296 3087 esse
310 3027 417 3106 voluit,
436 3035 466 3089 ut
479 3037 574 3089 tumen
588 3029 651 3108 pari
673 3029 735 3088 iure
752 3035 852 3088 essent
873 3045 930 3107 quo
947 3026 1037 3086 ceteri
1052 3023 1094 3083 le·

94 3108 239 3189 gibusquc
260 3110 415 3172 iudiciariis
435 3130 529 3192 aeque
550 3121 726 3173 tenerentur.
769 3109 839 3172 (lum
860 3111 1012 3190 Asprenas
1035 3105 1095 3167 No·

59 3195 157 3254 osuius
184 3195 271 3256 artius
296 3196 324 3255 ei
349 3197 460 3259 iunctus
488 3216 603 3258 causam
627 3196 777 3274 veneficii,
805 3203 961 3255 accusante
990 3189 1093 3252 Cassio

94 3278 223 3356 Severo,
240 3279 361 3358 diceret,
376 3281 521 3342 consuluit
532 3289 673 3357 senatum,
690 3280 765 3360 quid
780 3278 937 3358 officiisai
946 3282 1094 3354 pcturet;

94 3363 234 3425 coacturi
247 3363 389 3443 enimse,
405 3383 445 3426 ue
461 3366 491 3426 si
503 3370 695 3444 superesset,
717 3364 839 3443 eripere
857 3360 976 3440 tepidus
996 3377 1093 3436 reum,

92 3445 142 3508 sio
159 3446 292 3526 deesset,
308 3448 474 3511 destituere
487 3468 528 3511 cc
536 3449 772 3529 praedamnare
788 3446 917 3508 amioum
935 3443 1091 3506 existima·
