2334 3870
105 211 164 275 166
205 219 899 279 c.sunrcu1unnno.onv1rscsnssnuru
920 223 993 272 uus.
1010 225 1041 272 v.

102 382 200 441 niasse
216 397 250 438 sc
265 379 323 438 vim
340 378 367 437 ei
383 376 419 437 ab
434 376 532 455 Appio
553 372 684 443 inlatam
707 373 819 451 altera,
839 375 868 435 iu
885 375 1112 442 admirationem

102 464 240 540 iormata,
262 462 318 521 sibi
341 478 456 540 quoque
479 457 601 520 eandem
621 457 752 537 speciem
772 458 879 538 aliquot
893 460 947 521 iam
966 463 1109 525 noctibus

104 547 257 608 obversari
280 545 402 614 rettulit;
431 562 487 603 uec
509 542 597 602 multo
613 550 682 621 post
701 560 739 602 ex
759 544 918 623 composito
936 544 1108 626 inrumpere

103 633 220 711 Appius
235 633 394 706 nuntiatus,
418 630 463 687 cui
479 626 573 707 pridie
588 625 623 686 ad
637 625 666 686 id
679 629 822 707 temporis
839 636 870 688 ιιι
889 627 1001 690 adesset
1015 649 1103 710 prae·

106 724 221 795 ceptum
237 724 314 789 erat,
338 714 418 792 quasi
435 711 521 790 plane
544 720 818 788 repraesentaretur
832 713 935 773 somnii
952 712 1036 791 tides,
1057 733 1124 778 ιιι-ι

106 802 183 862 cessi
204 799 297 857 statim
317 815 351 857 ac
374 797 447 857 mori
467 797 562 856 iussus
588 803 641 854 est.
675 794 738 855 Nec
761 794 902 857 dubitavit
924 807 1041 876 postero
1059 799 1105 859 die

106 882 242 946 Claudius
264 880 394 941 ordinem
416 882 459 941 rei
479 888 581 960 gestae
597 880 731 958 perferre
750 880 786 941 ad
802 889 934 942 senatum
954 900 991 943 ac
1003 882 1109 943 liberto

105 968 214 1047 gratias
233 983 342 1043 agere,
364 965 441 1045 quod
458 983 510 1043 pro
531 963 624 1024 salute
648 982 700 1024 sna
714 964 799 1025 etiam
821 965 970 1027 dormiens
986 967 1111 1028 excuba-

63 1061 162 1123 ssret.
185 1051 251 1111 Irae
273 1059 359 1130 atque
379 1049 544 1110 iracundiae
561 1049 698 1108 conscius
710 1047 782 1127 sibi,
797 1052 1112 1129 utramqucexcusavit

108 1135 203 1197 edicto
220 1134 420 1211 detinuitque,
439 1132 587 1211 pollicitus
603 1132 736 1192 alteram
750 1133 871 1213 quidem
885 1132 1008 1197 bracem
1023 1143 1054 1199 et
1065 1136 1110 1197 iss·
1123 1151 1145 1193 ιι

104 1219 248 1294 cociam,
267 1217 399 1277 alteram
410 1216 632 1278 saniciccium
646 1216 728 1294 fore.
756 1216 955 1297 Ostiensibus,
972 1222 1041 1300 quia
1058 1221 1113 1282 sibi

105 1302 239 1365 subeunti
256 1301 382 1362 Tiberim
398 1301 521 1381 scaphas
537 1299 652 1362 obviam
667 1319 725 1362 non
736 1303 882 1382 miserint,
900 1306 1034 1381 graviter
1048 1323 1112 1366 ccr-

104 1387 212 1467 reptis,
238 1405 332 1466 eaque
355 1406 418 1447 cum
440 1385 562 1465 invidia,
586 1395 616 1447 ut
640 1386 669 1446 in
685 1386 815 1447 ordinem
833 1405 866 1448 se
888 1397 1024 1449 coactum
1044 1407 1111 1450 ccu-

106 1472 266 1550 scriberet,
296 1482 418 1552 repente
440 1480 547 1533 tantum
569 1488 627 1531 nou
652 1473 721 1532 satis
743 1472 878 1534 facientis
893 1471 980 1533 modo
995 1476 1112 1535 veniam

106 1557 194 1618 dedit.
219 1556 366 1632 Quosdam
389 1559 417 1616 in
439 1556 558 1635 publico
576 1573 674 1635 parum
689 1557 862 1636 tempestive
879 1556 1011 1618 adeuntis
1027 1577 1143 1620 manuus

106 1660 157 1702 sua
179 1641 316 1720 reppulit.
351 1641 423 1702 Item
446 1640 570 1700 scribam
593 1641 803 1719 quaestorium,
830 1643 957 1722 itemque
974 1653 1109 1723 praetura

106 1726 233 1787 iunctum
250 1735 414 1786 senatorem
429 1724 573 1785 inauditos
591 1733 621 1784 et
634 1727 770 1786 innoxios
787 1725 949 1805 relegavit,
968 1727 1049 1807 quod
1062 1727 1108 1788 ille

106 1810 245 1872 adversus
263 1812 403 1886 privatum
419 1827 451 1868 se
470 1810 708 1886 intemperantius
729 1810 875 1889 affuisset,
896 1809 945 1871 bic
962 1813 995 1871 in
1011 1812 1109 1875 aedili-

106 1903 163 1954 tate
196 1891 350 1968 inquilincs
373 1891 558 1970 praediorum
584 1910 718 1971 sucrum,
751 1904 854 1957 contra
879 1896 999 1957 vetitum
1027 1905 1111 1958 cocta

105 1975 278 2051 vendentes,
309 1974 460 2037 multasset
491 1977 665 2056 uilicumque
693 1980 932 2040 intervenientem
961 1981 1138 2058 flagellasse

106 2067 160 2118 set.
193 2056 256 2131 Qua
276 2059 312 2120 de
334 2078 420 2121 causa
439 2060 524 2122 etiam
547 2064 753 2123 coercitionem
770 2065 941 2144 popinarum
966 2065 1110 2127 aedilibus

105 2144 220 2205 ademit.

171 2229 217 2288 Ac
240 2248 276 2289 ne
299 2227 444 2290 stultitiam
466 2232 581 2310 quidem
602 2250 681 2293 snam
701 2232 829 2310 reticuit,
851 2232 1073 2315 simulatamque
1094 2254 1109 2297 a

108 2333 140 2375 se
155 2333 193 2375 ex
210 2314 348 2376 industria
364 2314 417 2375 sub
434 2313 520 2394 Gaio,
545 2315 622 2395 qnod
637 2316 721 2377 aliter
741 2334 879 2378 evasurus
901 2327 1108 2396 pervenimus·

109 2417 165 2479 que
181 2399 217 2459 ad
235 2408 399 2478 susceptam
414 2400 566 2462 stationem
580 2418 638 2460 ncn
652 2401 750 2480 inerit,
767 2400 934 2480 quibusdam
946 2405 1138 2464 cratinum-au

106 2483 142 2541 lis
157 2491 280 2543 testatus
293 2492 351 2552 est;
370 2502 425 2544 nec
438 2493 532 2545 tamen
547 2486 708 2564 persuasit,
726 2504 790 2546 cum
805 2487 878 2547 iutra
890 2485 982 2548 breve
994 2495 1109 2568 tempus

105 2564 180 2624 liber
199 2565 292 2626 editus
310 2569 361 2643 sit,
379 2571 423 2628 cui
438 2568 525 2629 index
540 2577 602 2629 crat
615 2566 753 2648 Μωρῶν
771 2562 1003 2650 ἐπανάστασις,
1023 2589 1108 2651 argu·

105 2657 230 2707 mentum
245 2659 355 2727 autem,
374 2651 519 2712 stultitiam
536 2653 678 2712 neminem
697 2653 819 2732 lingere.

63 2741 97 2798 39
168 2729 248 2791 luter
263 2743 361 2794 cetera
372 2735 401 2793 in
413 2752 449 2793 ec
461 2738 552 2796 mirati
567 2745 633 2796 sunt
645 2735 776 2799 homines
791 2748 820 2799 ct
835 2738 1014 2801 oblivionem
1026 2749 1057 2802 et
1068 2743 1108 2802 in·

106 2814 356 2895 considerantiam,
368 2817 415 2879 vel
425 2827 454 2878 ut
462 2819 575 2880 Graece
588 2819 691 2898 dicam,
703 2811 1106 2904 μετεωρίανοιᾶβλεψίαν.
1116 2840 1139 2884 ιι

105 2899 211 2960 Occisa
225 2900 394 2982 blessalina,
412 2904 498 2982 paulo
517 2913 584 2983 post
599 2923 682 2984 quam
697 2907 726 2966 in
743 2907 868 2968 triclinio
885 2907 1035 2986 decubuit,
1051 2928 1110 2972 cass·

106 2984 231 3048 domitto
250 3003 313 3046 aon
333 2989 450 3049 semmei
470 2989 610 3068 requisiit.
643 2989 750 3052 Multos
774 3010 812 3052 ex
829 2992 880 3070 iis,
912 3010 987 3072 quos
1010 2996 1108 3075 cupite

106 3069 304 3147 damnaverat,
327 3081 447 3150 postero
465 3076 560 3134 statim
581 3074 636 3135 die
651 3084 680 3134 et
702 3077 730 3135 in
747 3077 896 3137 consilium
920 3087 950 3138 et
969 3077 1006 3139 ad
1023 3078 1107 3140 aleae
1156 3085 1159 3091 '

105 3155 198 3215 lusum
214 3154 361 3216 admoneri
377 3156 460 3217 iussit
475 3168 520 3235 et,
538 3160 620 3237 quasi
633 3169 830 3239 morarentur,
847 3169 877 3220 ut
892 3162 1107 3224 somniculosos

104 3256 159 3316 per
175 3240 300 3299 nuntium
317 3241 470 3319 increpuit.
492 3243 638 3303 Ducturus
654 3253 754 3305 contra
768 3246 812 3305 las
827 3244 1019 3327 Agrippinam
1034 3265 1139 3309 uxo-ss

103 3339 178 3398 rem,
196 3341 255 3383 non
278 3324 402 3385 cessavit
423 3326 500 3385 omni
524 3331 655 3388 oratione
676 3328 775 3407 filiam
794 3335 823 3390 et
842 3329 1001 3393 olumnam
1024 3338 1056 3393 et
1073 3331 1107 3393 t'st

101 3407 219 3484 prescio
235 3425 292 3470 auo
305 3414 412 3470 motam
428 3416 520 3489 atque
535 3409 700 3472 educatam
715 3413 895 3475 praedicare.
932 3415 1106 3477 Adsciturus

102 3489 132 3548 ln
153 3507 257 3550 nomen
286 3493 451 3552 Neronem.
482 3495 563 3556 utos?
591 3513 681 3556 narus-
725 3496 997 3579 -errelenderetur,
1026 3498 1104 3580 quod
