2286 3862
109 184 171 246 260
358 190 388 239 c.
405 187 598 238 sumemus
614 184 857 245 rusucumuns

110 334 205 394 unius
227 331 388 411 corporis,
411 329 485 409 quic
506 326 676 405 scriptores
700 342 740 386 ec
755 328 870 403 poetes
892 322 955 386 sub
979 325 1124 391 clientela

111 416 276 479 blusorum
290 414 461 490 iudicaret,
484 430 546 473 uon
572 409 710 471 absurde
728 414 757 469 et
769 407 886 488 fecisse
908 414 940 471 et
952 411 1124 491 scripsisse

111 518 147 562 se
162 503 201 562 ait
218 518 258 562 ec
278 517 404 560 uumcro
424 497 567 557 divorum
587 501 618 555 et
636 492 856 573 appellatione.
899 492 993 555 liuius
1011 513 1123 575 cogno

111 587 220 645 meniu
236 584 387 664 plerisque
399 580 540 641 iudicibus
553 588 582 639 et
595 578 684 639 titulis
702 597 756 657 per
767 596 852 639 unam
866 576 890 637 L
906 576 1029 639 litterum
1046 585 1122 641 scri-

113 677 192 749 ptum
209 667 423 742 animadverto,
445 683 543 724 verum
566 665 630 743 ipse
647 662 676 722 id
691 680 745 743 per
761 660 831 723 dues
849 660 976 722 cliertln
990 668 1141 743 parasti-s

113 752 199 814 chlde
216 751 325 828 libelli,
343 752 392 829 qui
408 748 574 809 inscribitur
591 750 708 827 pinax.
1000 750 1005 755 '

84 854 101 910 7
179 836 217 899 Μ.
236 834 379 894 Antonius
396 832 526 913 Gnipho,
541 835 684 909 ingenuus
699 833 729 890 in
747 829 840 891 Gallia
855 838 942 891 natus
958 830 1014 893 scd
1028 849 1114 911 expc-

113 922 203 995 situs,
236 920 418 979 enutritore
450 935 502 978 suo
528 918 717 977 manumissus
740 916 947 994 institutusque
980 914 1120 995 (Alexan-

114 1003 195 1064 driae
211 1002 343 1081 quidem,
360 1012 391 1062 ut
405 1002 493 1080 aliqui
506 1000 634 1078 tradunt,
656 1002 685 1060 in
699 998 890 1060 contubernio
908 998 1040 1076 Dionysi
1056 1000 1120 1075 Scy·

113 1087 327 1153 tcbrachionis;
357 1084 434 1164 quod
461 1084 594 1162 equidem
621 1102 679 1145 non
701 1093 811 1144 temere
838 1082 1041 1163 crediderim,
1065 1102 1143 1145 cumr

114 1179 276 1247 temporum
297 1171 370 1228 ratic
390 1170 440 1228 vix
463 1168 621 1247 congruat)
643 1168 735 1229 inisse
757 1167 860 1228 dicitur
881 1168 1001 1246 ingenii
1021 1171 1117 1247 magui,

115 1254 272 1313 memoriae
289 1252 464 1329 singularis,
480 1270 536 1312 nec
552 1253 644 1312 minus
657 1252 768 1314 Graece
781 1269 866 1330 quam
882 1251 991 1313 Latine
1009 1252 1117 1319 docum

117 1345 272 1418 praeterea
289 1338 364 1396 comi
380 1336 518 1414 facilique
535 1346 651 1414 natura,
669 1353 863 1414 necunquam
878 1335 917 1396 de
938 1337 1118 1399 mercedibus

116 1430 229 1501 pactus,
244 1437 339 1498 eoque
352 1420 434 1500 plura
445 1439 483 1480 ex
494 1420 667 1481 liberalitate
680 1420 848 1481 discentium
860 1430 1059 1485 consecutus.
1071 1422 1118 1482 lto·

117 1506 176 1566 cuit
192 1506 313 1583 primum
332 1505 361 1563 in
377 1504 442 1565 Divi
457 1503 521 1565 Iulii
537 1504 622 1564 domo
637 1505 735 1584 pueri,
757 1502 860 1564 deinde
876 1506 907 1564 in
925 1523 984 1568 sua
1006 1508 1117 1587 privetu.
1125 1522 1141 1561 u

115 1589 222 1650 Docuit
234 1597 328 1650 autem
342 1599 370 1648 et
383 1588 568 1665 rhetoricam,
576 1590 615 1648 ita
627 1596 658 1648 ut
669 1588 798 1670 quotidie
807 1597 975 1669 praecepta
989 1590 1117 1671 eloquen-

116 1675 174 1733 tiae
186 1672 329 1749 traderet,
347 1672 523 1733 declamaret
535 1689 605 1732 vero
620 1673 733 1734 nonnisi
743 1670 886 1734 nundinis.
911 1672 1059 1736 Scholnm
1069 1677 1120 1735 eius

118 1757 215 1818 claros
229 1774 346 1836 quoque
363 1759 442 1817 viros
458 1757 662 1836 frequentasse
677 1759 771 1835 aiunt,
789 1757 866 1816 iniis
879 1754 920 1819 bl.
935 1754 1120 1835 Ciceronem,

117 1842 203 1902 etiam
221 1859 284 1901 cum
302 1850 437 1920 praetura
452 1841 631 1919 iungeretur.
661 1842 784 1921 Scripsit
799 1840 909 1919 multa,
926 1846 1067 1921 quumvis
1081 1860 1120 1903 eu·

116 1943 182 1984 num
217 1926 318 1985 aetatis
346 1926 612 2004 quinquagesimum
636 1944 694 1987 uon
719 1925 892 1986 excesserit.
933 1924 1008 1988 Etsi
1029 1926 1140 1989 Ateius

117 2008 289 2086 Philologus
306 2008 362 2069 duc
374 2018 481 2069 tantum
493 2009 638 2071 volumina
658 2010 701 2070 de
715 2010 847 2071 Latino
867 2028 1050 2075 sermone
1063 2011 1120 2073 reli·

119 2092 219 2172 quisse
233 2111 297 2152 eum
312 2093 412 2162 tradit;
431 2112 494 2154 uam
507 2103 606 2155 cetera
617 2096 725 2174 scripta
742 2093 953 2174 discipulorum
970 2098 1040 2159 eius
1055 2114 1120 2165 esse.

117 2194 176 2237 uon
189 2178 296 2256 ipsius;
309 2177 337 2237 in
350 2177 452 2256 quihus
466 2185 496 2237 et
507 2196 587 2238 suum
632 2178 708 2239 icubi
722 2180 846 2258 reperiri
858 2195 990 2259 nomen,
1003 2191 1035 2243 ut
1045 2178 1120 2243 hcc*

89 2277 107 2332 8
158 2260 217 2323 ht.
243 2261 402 2339 Pompilius
428 2261 614 2323 Andronicus
653 2265 769 2324 natione
794 2263 901 2343 Syrus,
929 2264 1032 2327 studio
1059 2264 1119 2345 Epi·

118 2364 225 2406 cureae
238 2355 338 2406 sectae
351 2346 525 2406 desidiosior
545 2348 573 2406 in
586 2348 772 2426 professione
790 2348 984 2424 grammatica
1001 2348 1141 2413 habeba-u

116 2440 162 2491 tur
179 2433 331 2510 minusque
345 2430 467 2491 idoneus
480 2430 515 2490 ad
530 2430 662 2491 tuendam
678 2431 816 2493 scholam.
845 2429 1037 2513 ltaque'cum
1053 2452 1086 2497 se
1099 2434 1121 2492 h

116 2514 189 2575 urbe
205 2533 262 2575 non
278 2515 371 2574 solum
385 2514 513 2575 Antonio
530 2514 685 2594 (implumi,
704 2514 756 2577 sed
771 2517 878 2576 ceteris
896 2516 988 2579 etiam
1002 2518 1119 2581 deterio-

116 2598 197 2659 ribus
213 2601 352 2679 postponi
367 2598 497 2676 videret,
546 2618 627 2663 umas
642 2602 754 2662 transiit
769 2600 867 2679 ibique
882 2602 913 2661 in
929 2604 995 2664 otio
1012 2604 1086 2665 vixit
1098 2608 1121 2662 et

116 2683 204 2743 multa
220 2683 398 2760 composuit;
413 2700 486 2743 veru
521 2683 603 2759 ,adeo
619 2686 705 2764 inops
721 2693 808 2764 atque
824 2692 932 2764 egens,
954 2695 989 2748 ut
1006 2694 1121 2751 coactus

116 2769 153 2824 sit
184 2766 370 2846 praecipuum
395 2766 465 2827 illud
492 2785 509 2827 o
532 2767 661 2828 usculum
691 2788 771 2829 suum
801 2768 986 2831 annalium
1053 2770 1139 2833 unii

117 2849 359 2910 elenchorum
373 2848 452 2912 xvl.
469 2851 585 2912 milibus
598 2871 739 2913 nummum
755 2853 866 2914 cuidam
881 2770 1120 3001 vendere5qsos

116 2932 207 2991 libros
231 2931 358 2994 Orbilius
380 2953 557 3015 suppressos
579 2937 738 2999 redemisse
755 2956 788 2999 se
806 2936 877 2999 dicit
897 2939 1011 3017 vulgum
1032 2956 1121 3021 osque

118 3034 237 3076 curasse
252 3019 368 3078 nomine
384 3021 520 3081 auctoris.
870 3051 874 3057 ·

87 3115 104 3169 9
179 3099 210 3161 h.
232 3100 357 3161 Orbilius
374 3103 504 3182 Pupillus
520 3105 755 3185 Beneventanus,
773 3114 868 3168 morte
884 3117 1055 3189 parentem,
1070 3127 1121 3170 uns

116 3195 203 3266 atque
225 3184 326 3247 cadem
342 3186 388 3247 die
403 3189 581 3249 inimicorum
597 3189 664 3250 dolo
681 3193 933 3271 interemptorum,
955 3192 1136 3273 destitutus,⁴

118 3272 210 3346 primo
228 3270 422 3350 apparituram
440 3274 653 3352 magistratibus
667 3276 753 3347 iecit3
778 3274 882 3337 deinde
899 3277 928 3337 iu
948 3278 1122 3342 Macedonis

118 3355 285 3433 corniculo,
302 3373 370 3415 mox
385 3373 461 3434 equo
477 3360 595 3429 meruit;
610 3359 783 3440 functusque
796 3360 911 3439 militia,
928 3364 1026 3427 studia
1037 3382 1121 3447 repe·

118 3436 169 3517 sit,
195 3455 269 3519 quae
286 3441 340 3501 iam
355 3438 421 3500 iude
441 3460 458 3502 a
477 3459 569 3520 puero
587 3462 644 3504 nou
659 3444 762 3506 leviter
780 3446 929 3524 attigeram
952 3466 990 3511 ac
1007 3450 1122 3533 proies
