2286 3862
109 61 209 108 LXXII
443 52 651 102 PRAEFATIO.

114 218 215 288 aliquis
238 231 357 285 eaquae
376 231 402 285 p.
417 218 576 274 275-278
599 213 633 268 de
656 211 729 268 ludis
747 210 924 268 Graecorum
942 214 1028 269 oble.

113 301 310 368 ctamentisque
327 297 536 365 convivalibus,
560 302 614 351 tam
630 313 700 366 quas
714 313 741 368 p.
758 301 809 356 282
825 296 861 352 de
878 297 1028 353 conviciis

113 391 141 440 et
156 382 310 438 maledictis
325 381 397 451 apud
414 381 526 435 eosdem
543 379 653 435 usitatis
668 379 756 434 relata
771 384 845 449 sunt,
861 395 963 450 neque
975 381 1028 436 du-

112 467 171 524 bito
187 466 251 536 quin
267 464 332 520 mibi
350 479 514 519 assensurus
539 463 591 532 sit,
616 479 676 517 cum
696 462 761 517 illos
776 462 892 519 libellos
911 461 1027 520 Graeco

111 566 240 606 sermone
258 547 378 618 scriptos
395 546 483 601 luisse
495 546 599 601 iudico.
644 543 700 600 Nec
715 562 766 616 per
781 562 812 602 se
826 545 1028 618 improbabile

112 640 165 703 cst,
183 639 298 702 utroque
314 646 440 686 sermone
456 628 605 700 scripsisse
620 628 757 683 hominem
774 629 807 685 ab
824 634 923 684 aetate
936 629 1026 687 Fron.

111 717 202 784 tonis,
216 714 364 782 Favorini,
378 713 463 768 blanci
480 712 612 768 Antonini
629 712 701 768 baud
716 712 754 767 ita
768 712 854 782 longe
869 719 1027 772 remotum.

173 800 203 855 ln
222 799 302 854 libris
317 797 443 852 ludorum
458 797 512 851 boc
528 811 638 866 quoque
655 795 718 850 addi
733 811 819 867 possa
835 795 967 852 videtur.
993 796 1024 853 Si

111 889 142 938 ut
161 884 343 938 Romanorum
363 880 401 935 ita
423 878 589 934 Graecorum
611 894 720 949 quoque
741 879 821 935 ludos
837 878 1028 951 Tranquillus

111 967 206 1022 Latine
228 963 374 1035 exposuit,
399 978 448 1016 cur
461 976 515 1015 non
531 960 624 1032 potius
641 966 769 1032 quattuor
784 961 873 1018 libros
888 962 1027 1020 ludicrae

112 1050 155 1105 rei
170 1047 336 1104 coniunctim
354 1045 458 1111 edidit,
487 1059 601 1113 quorum
621 1045 676 1100 duo
692 1042 876 1115 Graecorum,
900 1046 1026 1104 totidem

110 1135 291 1188 Romanorum
307 1128 403 1195 ludos,
427 1132 455 1181 et
473 1127 543 1182 alter
559 1127 668 1197 quidem
689 1129 813 1199 pueriles
835 1128 1028 1186 convivales-

111 1231 164 1284 que
180 1214 269 1281 iocos,
286 1212 356 1267 alter
373 1209 522 1266 certamina
538 1226 570 1265 ac
585 1212 744 1282 spectacula
760 1210 871 1283 publica
886 1211 1028 1269 contine-

110 1288 174 1352 ret?
197 1296 253 1351 Sed
275 1295 351 1350 clare
371 1294 500 1349 traditum
515 1300 574 1364 cst,
596 1310 648 1349 nco
669 1309 779 1349 causam
796 1294 960 1364 ambigendi
979 1295 1027 1352 vi·

113 1383 180 1450 deo,
205 1396 258 1435 uno
286 1379 360 1434 libro
383 1377 552 1433 Graecorum
576 1377 673 1447 iocos,
695 1378 802 1433 duobus
829 1377 1027 1436 Romanorum

110 1464 269 1537 spectacula
286 1468 314 1517 ct
330 1462 480 1518 certamina
497 1461 585 1516 luisse
603 1460 748 1531 exposita,
765 1461 784 1515 i.
801 1477 825 1515 e.
841 1461 875 1515 ab
892 1460 1025 1532 origini.

110 1548 162 1604 bus
177 1548 296 1619 repetita
313 1551 341 1600 et
354 1551 478 1600 veterum
498 1543 664 1615 scriptorum
679 1543 847 1598 testimoniis
862 1543 1025 1602 illustrata.

109 1631 205 1701 Neque
220 1629 305 1684 ullum
317 1627 429 1697 reperio
445 1626 668 1696 spectaculorum
682 1623 816 1686 Graeciae
833 1630 1029 1686 tractatorum

109 1712 268 1782 vestigium.
306 1709 373 1763 Inda
390 1708 519 1778 conllcio,
534 1713 564 1764 ut
578 1708 605 1762 bi
622 1708 694 1763 tituli
709 1726 762 1765 non
779 1725 830 1781 pro
849 1708 935 1766 unius
951 1726 1025 1768 cor-

110 1796 189 1868 poris
201 1793 327 1866 partibus
342 1792 507 1860 habeantur,
525 1790 598 1862 quod
613 1791 705 1847 multis
720 1792 840 1864 placuit,
856 1792 908 1848 sed
923 1796 1029 1865 probo

111 1877 324 1946 distinguantur.
368 1874 493 1929 Alterum
517 1891 587 1945 opus
609 1875 788 1932 monobiblon
806 1874 913 1932 Graece
944 1878 1026 1935 scri-

110 1967 185 2034 ptum
201 1957 368 2013 Graecorum
383 1959 461 2012 lusus
477 1958 611 2028 iocosque
626 1959 781 2028 tractabat,
807 1961 923 2014 alterum
938 1960 1023 2018 Lati·

109 2060 173 2098 num
184 2043 365 2098 Romanorum
380 2041 469 2113 primo
487 2042 559 2097 libro
577 2059 635 2096 rem
650 2042 799 2112 scenicam,
816 2043 943 2099 secundo
959 2045 1028 2101 cir-

111 2144 211 2184 censes
231 2126 396 2197 explicabat.
442 2124 559 2180 'litulum
574 2143 600 2197 p.
618 2129 680 2194 278,
696 2131 730 2185 36
746 2127 792 2196 qui
809 2127 897 2182 estin
914 2127 1027 2186 libro

111 2212 152 2268 de
174 2224 367 2284 puerorum
389 2209 533 2264 lusibus
555 2215 712 2280 suspectum
734 2210 843 2279 babeo,
866 2224 917 2263 nec
944 2213 1025 2269 solis
1063 2261 1065 2265 ,

110 2294 266 2368 puerilibus
279 2294 352 2349 ludis
363 2293 464 2348 librum
479 2292 515 2347 de
527 2292 636 2347 duobus
648 2292 763 2346 alterum
778 2294 914 2364 repletum
925 2292 1024 2351 fuisse

111 2381 207 2434 credo.
254 2376 308 2432 Sed
323 2383 411 2431 utrum
429 2373 528 2429 Seruio
544 2390 595 2444 pro
611 2376 639 2428 in
655 2374 721 2429 labro
738 2376 915 2432 scribendum
930 2376 1027 2435 luerit

108 2462 259 2530 incapite,
278 2476 311 2514 an
327 2459 468 2513 diversum
490 2457 632 2511 omninoa
652 2459 845 2529 superioribus
863 2461 919 2516 boc
943 2475 1026 2533 opus

109 2543 276 2612 tertiumque
292 2541 326 2596 de
343 2557 373 2594 re
387 2539 494 2595 ludicra
509 2539 685 2609 Tranquillus
702 2543 866 2615 scripserit,
892 2558 948 2598 non
964 2546 1021 2601 de·

110 2641 205 2681 cerno.
251 2623 431 2679 Oasaabonus
460 2623 494 2677 de
516 2623 686 2679 Graecorum
716 2626 818 2682 lusibus
847 2627 1022 2698 reponebat.

111 2706 238 2764 Ceterum
253 2723 323 2779 opus
340 2708 422 2763 malta
443 2722 533 2762 reram
550 2707 688 2763 varietate
706 2711 886 2782 conspicuum
902 2708 1023 2767 Tertul-

108 2791 184 2847 liano
207 2798 235 2846 ct
249 2791 376 2847 Diomedi
398 2791 478 2847 etiam
503 2808 557 2847 non
578 2791 752 2848 monentibus
768 2794 829 2849 usui
848 2794 909 2849 luit.
956 2793 1022 2852 Sed

109 2877 252 2945 nonnulla,
269 2882 298 2930 ut
313 2893 344 2931 ea
359 2893 428 2946 quae
442 2893 468 2947 p.
480 2881 541 2943 279,
554 2879 587 2934 27
603 2875 637 2930 de
654 2878 800 2948 conpiarb‘s
815 2876 926 2933 aNuma
942 2894 1021 2948 rege

108 2960 214 3032 populo
232 2959 304 3016 datis
321 2966 348 3015 et
365 2976 391 3031 p,
406 2965 468 3028 280,
480 2965 515 3018 28
531 2961 565 3014 de
582 2959 693 3030 origine
710 2961 839 3017 vocabuli
855 2963 913 3015 sica
930 2960 1019 3018 nimis

109 3059 123 3097 n
168 3042 257 3098 atorie
275 3043 428 3113 traduntur,
448 3043 519 3099 falso
536 3043 570 3099 ad
587 3042 750 3101 Suetonium
765 3050 905 3102 auctorem
922 3045 1017 3100 relata

155 3126 241 3183 titror.
286 3127 316 3181 ln
339 3127 434 3182 ultimo
458 3127 547 3182 frusto
564 3145 592 3200 p.
616 3134 684 3199 280,
706 3135 740 3190 36
754 3129 919 3184 vocabulum
938 3128 1020 3183 viros

113 3209 252 3268 excidisse
267 3210 391 3276 videtum
412 3226 465 3265 nec
486 3210 574 3266 minus
593 3213 761 3285 epigramma
777 3210 897 3282 excidit,
919 3209 1017 3281 qualia

207 3295 244 3355 lis
259 3301 287 3369 8,
300 3300 343 3356 ts.
366 3300 393 3365 9,
409 3298 452 3354 te.
474 3300 519 3365 lo,
535 3300 570 3355 43
586 3295 659 3352 lusit.
