2286 3862
116 191 178 255 ate
195 203 223 254 c.
239 200 388 251 sonuum
404 194 692 257 unumunurm
710 192 893 242 cansarum
910 192 985 243 urs.
996 195 1073 247 vm.

455 527 775 586 ultusultus.

87 718 98 768 1
182 689 272 767 Titus,
292 687 466 765 cognomine
484 695 621 767 paterno,
645 701 726 744 amor
741 700 776 742 ac
790 681 921 743 deliciae
936 684 1047 761 generis
1059 683 1108 747 bu·

117 776 203 852 mani,
224 775 347 853 (tantum
363 770 404 830 illi
424 770 460 831 ad
481 766 701 851 promerendam
723 768 849 828 omnium
869 765 1045 827 voluntatn
1062 769 1107 830 rel

117 858 227 936 ingenii
243 855 290 915 rel
306 855 376 915 artis
388 855 435 915 rel
448 855 584 916 fortunae
599 852 750 932 superfuit,
768 860 808 929 et,
829 849 909 929 quod
922 848 1113 912 dllllcilllmum

119 951 173 1019 est,
190 941 218 999 in
233 939 372 1019 imperio:
390 938 505 1019 quaudo
522 938 653 1018 privatus
668 945 754 1014 atque
773 935 857 994 etiam
874 932 931 994 sub
947 937 1115 1016 patreprin·

119 1026 185 1107 cipe
200 1041 236 1084 ne
252 1023 319 1084 odio
333 1022 460 1103 quidem,
476 1021 581 1082 nedum
596 1019 810 1100 vituperatione
828 1017 950 1099 publica
968 1019 1077 1099 caruit)
1126 1048 1137 1087 s

87 1125 104 1177 2
181 1106 271 1168 Natus
288 1116 333 1166 est
346 1106 397 1167 ΙΙΙ.
413 1106 450 1166 ill
477 1105 536 1165 lan.
560 1104 667 1181 insigni
689 1120 764 1163 anno
780 1101 888 1164 Gaiana
910 1120 1007 1182 nece,
1030 1121 1118 1185 pmpe

119 1192 332 1271 Septizonium,
357 1187 482 1249 sordidis
498 1186 635 1265 aedibus,
662 1186 799 1247 eubiculo
819 1202 892 1247 vero
919 1203 1075 1267 perparuo
1094 1197 1119 1248 et

64 1341 67 1345 Δ
120 1274 263 1342 obseuro;
284 1274 364 1352 (nam
378 1282 475 1332 manet
490 1270 584 1332 adhuc
599 1280 629 1331 et
642 1270 819 1349 ostenditur)
841 1268 988 1330 educatus
1009 1273 1040 1331 in
1062 1273 1118 1333 aula

120 1375 183 1419 curu
197 1356 362 1418 Britannico
379 1356 472 1435 simul,
487 1374 523 1416 ao
539 1355 657 1436 paribus
675 1355 836 1435 disciplinis
857 1362 888 1414 et
903 1354 987 1433 apud
1005 1355 1117 1417 eosdem

118 1442 274 1520 magistros
287 1441 441 1502 institutus.
474 1441 539 1517 Quo
556 1440 670 1520 quidem
684 1449 816 1520 tempore
831 1440 910 1500 aiunt
929 1448 1140 1520 metoposcou

119 1546 196 1607 pum,
213 1545 229 1586 a
243 1520 382 1587 Narcisso
399 1524 500 1587 Claudi
513 1525 619 1585 liberto
635 1523 808 1600 adhibitum,
823 1531 853 1583 ut
867 1521 1069 1584 Britannicum
1083 1526 1115 1584 in·

120 1612 262 1691 spiceret,
282 1611 512 1671 constantissime
525 1609 695 1686 allirmasse,
709 1606 788 1668 illum
800 1605 915 1686 quidem
925 1606 1013 1669 nullo
1024 1607 1116 1685 modo,

121 1703 248 1755 ceterum
264 1693 366 1771 Titum,
382 1695 430 1773 qui
446 1702 514 1753 tuno
527 1710 622 1773 prope
637 1691 764 1769 astabat,
786 1691 884 1770 utique
900 1690 1115 1769 imperatnmm.

120 1777 210 1839 Erant
225 1787 318 1837 autem
336 1777 409 1838 adeo
425 1775 592 1855 familiares,
607 1785 637 1836 ut
653 1776 688 1837 de
704 1777 841 1857 potione,
864 1792 920 1854 qua
935 1772 1116 1841 Britannicus

120 1860 219 1921 hausta
236 1861 334 1938 periit,
352 1859 433 1920 'litus
455 1877 571 1939 qnoque
596 1862 674 1920 iuxta
700 1859 807 1919 cubans
824 1867 963 1936 gustasse
987 1860 1140 1922 credaturn

120 1946 261 2020 gravique
276 1943 379 2003 morbo
397 1942 558 2003 adflictatus
577 1943 633 2004 diu.
675 1944 803 2020 Quorum
825 1944 951 2003 omnium
972 1961 1046 2007 mor
1064 1962 1116 2004 me

120 2041 191 2103 mor,
208 2033 328 2085 statuam
343 2028 370 2086 ei
385 2044 500 2087 auream
513 2028 541 2086 in
554 2027 664 2088 Palatio
680 2028 787 2108 posuit,
803 2035 832 2086 et
845 2026 968 2087 alteram
979 2047 1019 2089 ex
1030 2028 1117 2091 ebore

122 2117 295 2187 equestrem,
317 2129 389 2190 quae
404 2108 536 2172 circensi
552 2129 659 2192 pompa
675 2110 821 2190 hodieque
839 2111 1024 2192 praefertur,
1043 2111 1116 2173 dedi

90 2203 107 2256 3
123 2195 198 2253 cavit
212 2204 443 2275 prosecutusque
460 2204 514 2256 est.
553 2196 586 2256 ln
602 2214 693 2275 puero
708 2197 802 2255 statim
818 2195 954 2275 corporis
975 2198 1118 2276 animique

122 2277 206 2338 dotes
224 2278 464 2358 explenduerunt‚
480 2281 630 2359 magisque
648 2298 682 2339 ac
696 2280 788 2356 magis
803 2278 943 2358 deinceps
965 2296 1022 2359 per
1045 2289 1141 2343 aetam

121 2362 157 2421 tis
174 2362 295 2440 gradus:
312 2364 404 2425 iorma
421 2365 543 2441 egregia
559 2373 587 2423 et
603 2365 647 2424 oui
664 2381 721 2423 non
736 2365 828 2422 minus
844 2363 1027 2425 auctoritatis
1044 2366 1116 2425 ines-

123 2454 168 2506 set
186 2464 269 2524 quam
285 2449 412 2526 gratiae,
429 2450 615 2526 praecipuum
630 2447 735 2525 robur,
755 2464 923 2526 quamquam
937 2464 1039 2527 neque
1053 2465 1117 2528 pro·

123 2547 190 2588 cera
206 2539 313 2590 statura
329 2542 358 2592 et
371 2540 472 2591 ventre
490 2531 576 2610 paulo
591 2532 784 2609 proiectiore;
801 2532 937 2590 memoria
949 2532 1117 2610 singularis,

122 2611 256 2673 docilitas
271 2614 307 2672 ad
322 2616 412 2674 omnis
428 2616 492 2675 lere
508 2624 565 2674 tum
581 2615 651 2675 belli
667 2625 725 2675 tum
739 2615 821 2694 pacis
841 2623 929 2675 artes.
963 2614 1118 2677 Armorum

122 2703 151 2753 et
175 2696 318 2773 equitandi
343 2699 547 2777 peritissimus,
567 2699 667 2759 Latine
684 2699 871 2778 Graeceque,
894 2697 941 2758 rel
959 2699 989 2758 in
1007 2699 1116 2761 orando

122 2776 170 2836 rel
186 2779 214 2835 in
230 2779 371 2856 fingendis
388 2783 577 2859 poematibus,
597 2791 748 2861 promptus
764 2791 793 2842 et
807 2781 901 2842 iacilis
916 2781 952 2842 ad
966 2792 1116 2863 extempo-

121 2860 263 2921 ralitatem
282 2882 388 2943 usque;
408 2865 459 2925 sed
477 2883 513 2925 ne
528 2868 654 2927 musicae
673 2865 785 2945 quidem
800 2865 895 2942 rudis,
911 2869 1006 2945 utqui
1022 2876 1117 2928 cantu·

122 2954 168 3005 ret
184 2954 212 3005 et
227 2946 369 3026 psalleret
389 2948 511 3010 iucunde
534 2952 728 3029 scienterque.
772 2949 798 3009 E
820 2949 952 3029 pluribus
976 2954 1117 3031 comperi,

123 3032 197 3090 notis
217 3048 333 3109 quoque
350 3036 489 3113 excipere
505 3034 691 3094 velocissime
708 3034 839 3111 solitum,
858 3052 922 3094 oum
937 3036 1116 3096 amanuensi-

122 3116 175 3174 bus
191 3115 249 3174 suis
272 3134 325 3194 per
348 3117 443 3178 ludum
464 3121 616 3197 iocumque
639 3127 813 3195 certantem,
838 3119 1000 3198 imitarique
1024 3120 1141 3180 chiro-0

122 3198 233 3278 grapha
252 3217 447 3280 quaecumque
463 3202 595 3278 vidisset,
612 3221 647 3262 ae
663 3220 752 3281 saepe
776 3203 922 3281 profiteri,
947 3204 1117 3264 maximum

120 3281 289 3359 folcarium
304 3303 372 3345 esse
385 3285 533 3363 potuisse.

91 3377 108 3428 l
183 3369 326 3429 Tribunus
341 3371 456 3430 militum
484 3379 512 3429 et
533 3373 561 3429 in
578 3370 729 3431 Germania
755 3379 784 3429 et
805 3372 832 3428 in
846 3369 994 3431 Britannia
1013 3372 1119 3431 meruit

123 3470 228 3516 summa
245 3452 409 3533 industriae,
427 3472 483 3513 neo
499 3455 610 3513 minore
622 3454 781 3514 modestiae
796 3454 882 3532 lama,
901 3455 976 3514 siout
993 3464 1120 3537 apparet
