2334 3870
430 180 535 230 ornos
552 181 665 231 rsrns.
990 171 1051 234 239

59 336 238 415 principibus
252 335 336 395 aliter
351 337 368 377 't
385 351 443 394 non
457 333 613 414 haberent,
639 355 723 416 quum
744 336 767 397 si
788 336 889 397 eadem
908 336 1000 398 isdem
1022 347 1051 399 et

59 422 116 499 ipsi
132 419 289 496 dedissent,
306 421 415 497 primus
429 421 584 497 praeterita
600 423 695 482 omnia
715 438 772 481 uno
791 423 969 481 confirmarit
991 421 1049 482 edi·

62 514 121 581 cto,
135 522 191 564 nec
207 522 223 564 a
240 521 273 562 se
290 505 351 580 peti
367 521 470 582 passus
486 512 539 563 est.
575 503 608 563 ln
624 507 731 566 ceteris
745 522 818 565 vero
832 503 983 566 desideriis
997 506 1049 566 ho-

58 591 160 648 minum
180 588 404 649 obstinatissime
425 588 530 663 tenuit,
558 607 595 647 ne
619 606 703 668 quem
723 591 786 649 siue
807 608 862 669 spe
882 588 1049 660 dimitteret;

39 675 125 752 oquin
146 682 176 733 et
198 669 416 731 admonentibus
440 668 622 748 domesticis,
651 676 731 753 quasi
751 673 833 753 plura
861 672 1052 752 polliceretur

57 775 141 835 quam
159 763 308 834 praestare
325 763 442 834 posset,
463 772 525 815 ooo
540 763 684 832 oportere
697 759 737 816 ait
749 774 931 838 quemquam
947 774 968 816 u
984 773 1049 816 ser-

56 858 146 900 mone
158 838 312 916 principis
327 838 445 898 tristem
466 838 647 908 discedere·
664 849 749 918 atque
771 844 856 901 etiam
878 841 1050 902 recordatus

58 922 200 1003 quondam
215 940 303 1000 super
321 940 449 999 caenam,
468 923 545 1002 quod
562 923 632 982 nihil
649 925 780 1002 cuiquam
795 934 857 984 toto
871 925 916 984 die
928 927 1049 1002 praesti·

56 1010 153 1084 tisset‚
167 1005 382 1066 memorabilem
397 1006 473 1068 illam
488 1009 651 1085 meritoque
665 1006 807 1068 laudatam
823 1025 927 1067 vocem
947 1006 1050 1068 edidit:

22 1104 46 1145 ac
56 1088 165 1165 Amaci,
183 1089 262 1149 diem
274 1089 410 1167 perdidi.

117 1174 258 1252 Populum
273 1177 301 1233 in
318 1176 416 1253 primis
438 1176 603 1235 universum
625 1183 702 1236 tauta
724 1193 777 1255 per
799 1175 892 1235 omnis
918 1176 1050 1250 occasio·

54 1277 108 1317 nes
125 1259 259 1317 comitate
275 1261 421 1334 tractavit,
434 1268 464 1317 ut
480 1261 634 1337 proposito
650 1259 823 1335 gladiatorio
839 1279 974 1338 munere,
988 1278 1050 1321 ooo

57 1341 101 1401 ad
115 1357 213 1414 suom,
228 1339 283 1397 scd
300 1340 343 1397 ad
356 1342 557 1415 spectantium
578 1340 741 1402 arbitrium
765 1345 904 1405 editurum
926 1362 958 1402 se
982 1362 1048 1423 pro-

56 1427 153 1485 fessus
172 1424 221 1490 sit;
239 1430 267 1480 et
283 1422 368 1498 plane
385 1423 423 1481 ita
439 1422 519 1481 lecit.
547 1423 621 1481 Nam
642 1441 736 1501 neque
758 1429 876 1502 negavit
898 1428 1050 1502 quicquam

22 1505 222 1588 repetentibus
238 1514 267 1564 et
282 1514 311 1563 ut
328 1522 402 1583 quae
427 1505 537 1564 vellent
558 1512 692 1583 peterent
710 1506 785 1564 ultro
807 1507 974 1566 adhortatus
995 1516 1049 1565 est.

58 1594 133 1668 Quin
153 1600 182 1651 et
196 1590 318 1649 studium
334 1597 493 1648 armaturae
509 1586 652 1648 Threcum
674 1606 746 1667 prae
768 1606 800 1648 se
821 1590 937 1666 ferens,
960 1607 1050 1668 saepe

58 1696 121 1736 cum
138 1674 249 1755 populo
264 1683 293 1734 et
306 1691 380 1733 voce
400 1682 429 1732 ct
442 1682 528 1750 gestu
542 1681 573 1731 ut
587 1672 681 1732 fautor
697 1672 848 1732 cavillatus
864 1682 925 1750 est,
951 1691 1050 1732 verum

55 1763 205 1821 maiestate
223 1759 304 1819 salva
320 1776 375 1817 nec
389 1759 481 1817 minus
498 1758 653 1836 aequitate.
694 1755 739 1816 Ne
761 1758 829 1836 qnid
852 1757 1050 1835 popularitatis

55 1844 307 1925 praetermitteret,
324 1859 534 1920 nonnumquam
550 1843 579 1900 in
594 1840 713 1901 thermis
737 1843 796 1901 suis
818 1840 942 1901 admissa
964 1839 1051 1920 plebe

16 1930 135 1990 solavit.

119 2009 266 2086 Quaedam
281 2009 333 2068 snb
350 2027 386 2068 eo
405 2010 521 2069 iortuita
535 2027 571 2068 ac
587 2010 679 2069 tristia
694 2009 879 2084 acciderunt,
897 2017 927 2068 ut
943 2010 1049 2071 contla-

55 2098 150 2175 gratio
166 2095 268 2155 Vesvii
289 2095 394 2153 montis
409 2095 438 2151 in
455 2090 626 2171 Campania,
645 2101 674 2152 et
689 2093 852 2152 incendium
866 2094 976 2154 Romae
997 2112 1050 2173 per

55 2178 177 2241 triduum
190 2179 367 2256 totidemque
381 2186 493 2252 noctes,
507 2177 574 2235 item
587 2175 753 2252 pestilentia
765 2188 869 2255 quanta
877 2195 934 2238 non
941 2187 1050 2237 temere

56 2264 139 2324 alias.
180 2262 211 2322 lu
226 2263 261 2321 iis
279 2271 321 2321 tot
337 2260 467 2321 adversis
484 2278 517 2319 ac
532 2257 637 2318 talibus
654 2277 712 2319 non
726 2261 812 2321 modo
831 2263 971 2341 principis
991 2261 1050 2330 sol·
1149 2304 1152 2308 .

15 2360 45 2403 2⁵
56 2347 232 2408 licitudinem
250 2347 344 2405 sedet
360 2346 487 2424 parentis
503 2344 637 2403 allectum
661 2344 773 2404 unicum
794 2346 953 2425 praestitit,
976 2362 1051 2405 nune

57 2430 236 2491 consolando
253 2448 307 2508 per
321 2429 427 2504 edicta,
443 2445 518 2487 nunc
534 2427 702 2505 opitulando
719 2437 858 2507 qnatenus
880 2437 1052 2509 suppeteret

55 2513 188 2575 facultas.
227 2512 384 2573 Curatores
401 2511 596 2572 restituendae
619 2509 793 2591 Campaniae
817 2532 834 2571 e
857 2513 1051 2574 consularium

54 2615 174 2659 numero
192 2606 270 2657 sorte
295 2597 386 2666 duxit;
408 2596 482 2656 bona
504 2613 713 2674 oppressorum
734 2599 762 2655 in
777 2599 905 2673 Vesvio,
930 2614 1050 2676 quorum

55 2682 180 2743 heredes
196 2699 254 2742 non
270 2682 416 2760 extabant,
432 2681 605 2739 restitutioni
620 2680 789 2741 afflictarum
807 2681 960 2741 civitatium
972 2684 1048 2743 attri-

15 2781 43 2823 eo
55 2767 125 2827 buit.
158 2767 247 2828 Urbis
264 2765 397 2827 incendio
416 2764 494 2826 nibil
505 2762 630 2842 publice
644 2765 767 2843 perisse
788 2774 923 2842 testatus,
948 2775 1050 2827 cuncta

56 2852 267 2932 praetoriorum
280 2867 395 2911 suornm
405 2857 572 2910 ornamenta
587 2849 726 2927 operibus
746 2867 781 2908 ac
798 2849 914 2927 templis
927 2850 1050 2910 destina-

55 2938 97 2996 vit
109 2937 335 3014 praeposuitque
352 2933 508 3011 compluris
526 2951 562 2991 ex
577 2935 707 3011 equestri
719 2932 830 3011 ordine,
848 2950 904 3012 quo
918 2951 1050 3013 quaeque

55 3021 192 3081 maturius
201 3028 421 3098 peragerentur.
437 3014 597 3077 Medendae
610 3015 967 3097 valitudinileniendisqne
976 3035 1050 3077 mor·

55 3104 102 3165 bis
116 3104 222 3164 nullam
236 3103 358 3163 divinam
376 3102 584 3179 humanamque
601 3117 686 3179 opem
710 3118 768 3161 non
791 3101 934 3178 adhibuit,
960 3101 1050 3179 inqui-

17 3210 46 3253 es
58 3191 114 3250 sito
131 3192 206 3250 omni
222 3189 430 3249 sacrificiorum
448 3184 698 3262 remediorumque
712 3203 832 3262 genere.

117 3273 195 3333 lnter
224 3272 345 3333 adversa
376 3281 538 3350 temporum
570 3277 599 3327 et
632 3268 779 3329 delatores
810 3269 1050 3348 mandatoresque

58 3367 139 3420 erant
162 3377 199 3418 ex
219 3359 335 3419 licentia
357 3356 460 3416 veteri.
499 3353 561 3414 llos
587 3352 701 3414 assidue
724 3355 753 3414 in
775 3354 841 3415 loro
870 3351 995 3430 llagellis
1014 3369 1051 3412 ac

56 3443 180 3504 lustibus
197 3459 299 3504 caesos
318 3460 352 3502 ac
369 3441 524 3501 novissime
540 3437 689 3499 traductos
705 3457 758 3518 per
774 3436 972 3517 amphitheatri
987 3453 1050 3497 ere·
1116 3500 1120 3505 ,
