2334 3870
436 209 668 259 memmimus.
991 200 1054 264 249

119 367 165 428 Ab
181 368 295 427 iuventa
313 365 425 425 minime
442 366 534 426 civilis
549 367 644 445 animi,
663 365 812 428 conlidens
829 366 929 445 etiam,
946 377 1056 431 etcum

57 451 154 512 verbis
167 460 224 512 tum
237 448 325 511 rebus
343 450 527 529 immodicus,
552 449 672 512 Caenidi
689 451 780 530 patria
797 449 994 529 concubinae,
1017 469 1056 513 ex

55 536 160 598 Histria
181 552 321 596 reversae
344 534 531 614 osculumque
554 545 583 596 ut
612 544 743 596 assuerat
771 535 919 612 offerenti,
944 552 1054 597 manum

58 620 205 700 praebuit;
229 637 369 697 generum
391 619 489 679 fratris
509 618 643 718 indigne
648 621 747 681 ferens
770 620 884 681 albatos
910 579 940 680 ’es
961 621 1055 697 ipsum

32 707 202 766 tministros
217 701 337 779 habere,
353 702 559 782 proclamavit:
595 691 667 765 Οὐκ
695 692 828 804 ἀγαθὸν
848 702 1057 802 πολυκοιρα-

54 790 119 868 νίη.
164 788 358 867 Principatum
373 805 445 848 vero
462 786 595 866 adeptus,
613 805 707 884 neque
721 789 750 848 in
766 798 867 850 senatu
882 789 992 849 iactare
1008 785 1055 846 du·
1065 795 1100 849 13

55 874 166 948 bitavit,
183 878 213 933 ot
229 871 319 950 petri
338 890 372 933 se
393 877 424 933 et
439 870 572 950 fratri
559 871 720 949 emporium
741 872 880 950 dedisse,
902 871 975 933 illos
995 868 1059 931 sibi

55 918 251 1028 reddidisso;
273 939 374 1034 neque⁰
384 959 413 1017 in
428 955 595 1016 reducenda
616 964 686 1034 post
711 955 862 1016 divortium
884 974 975 1016 uxore
998 954 1056 1018 edi·

56 1061 133 1140 cere,
151 1049 318 1101 revocatam
339 1059 401 1101 eam
423 1041 455 1102 im
472 1039 622 1119 pulvinar
642 1057 741 1100 suum
782 1039 948 1100 Adclamari
973 1041 1059 1099 etiam

20 1142 45 1182 ro
54 1128 82 1185 in
96 1123 306 1204 amphitheatro
319 1125 398 1204 epuli
413 1124 459 1185 die
471 1125 597 1185 libenter
606 1124 706 1185 audiit:
722 1123 856 1187 Domino
875 1129 904 1183 et
915 1122 1060 1184 dominae

53 1209 205 1287 feliciter!
249 1208 308 1269 Sed
323 1218 353 1270 et
368 1208 534 1288 Capitolino
553 1210 708 1271 certamine
729 1219 851 1270 cunctos
866 1208 977 1286 ingenti
990 1224 1058 1267 con·

56 1311 142 1351 sensu
158 1293 315 1369 precantis,
331 1303 361 1352 nt
374 1292 530 1354 Palfurium
544 1295 645 1354 Suram
659 1296 843 1370 restitueret,
861 1292 974 1373 pulsum
990 1291 1059 1353 olim

57 1384 157 1435 senatu
175 1393 210 1433 ac
225 1384 292 1434 tunc
307 1375 343 1433 de
360 1376 524 1434 oratoribus
541 1387 728 1455 coronatum,
751 1377 831 1437 nullo
853 1394 999 1455 responso
1016 1375 1057 1435 di·

56 1468 171 1538 gnatus,
185 1467 284 1517 tacere
299 1466 407 1518 tantum
426 1456 512 1518 modo
531 1459 614 1517 iussit
636 1477 711 1518 voce
731 1461 896 1536 praeconis.
932 1459 999 1518 Pari
1015 1476 1058 1516 ar·

22 1560 46 1601 15
57 1544 208 1621 rogantia,
226 1560 288 1601 cum
304 1549 525 1621 procuratorum
541 1558 656 1600 suorum
670 1542 784 1601 nomine
801 1539 952 1600 formalem
971 1538 1058 1599 diota-

56 1637 100 1688 ret
118 1625 282 1706 epistulam,
299 1627 342 1686 sic
358 1626 473 1704 coepit:
488 1624 642 1687 Dominus
657 1630 687 1685 et
702 1624 781 1693 deus
794 1629 901 1684 moster
917 1624 977 1685 boc
989 1623 1062 1702 fieri

55 1711 147 1772 iubet.
179 1711 264 1772 Unde
289 1712 444 1772 institutum
469 1710 610 1789 posthac,
638 1719 669 1769 ut
694 1728 731 1769 ne
754 1708 865 1786 scripto
888 1707 1001 1787 quidem
1024 1726 1059 1770 ac

56 1813 192 1857 sermone
208 1795 374 1874 cuiusquam
392 1795 593 1875 appellaretur
610 1793 703 1855 aliter.
738 1795 853 1853 Statuas
876 1791 931 1851 sibi
952 1794 981 1853 in
1006 1791 1059 1854 Ga·

56 1880 159 1960 pitolio
175 1882 288 1941 nonnisi
306 1899 409 1943 aureas
425 1890 455 1941 et
470 1888 626 1957 argenteas
647 1881 716 1958 poni
742 1878 871 1958 permisit
892 1895 927 1938 ac
950 1875 1059 1956 ponde-

19 1985 46 2025 ao
56 1967 96 2025 ris
117 1965 199 2023 certi.
243 1963 330 2025 lanos
347 1983 489 2042 arcusque
506 1983 570 2025 cnm
582 1964 730 2043 quadrigis
749 1971 778 2023 et
790 1960 951 2039 insignibus
962 1963 1059 2022 trium·

57 2048 178 2128 phorum
198 2065 252 2125 per
273 2049 413 2124 regiones
434 2047 514 2108 urbis
542 2058 637 2109 tantos
663 2066 697 2108 ao
719 2057 762 2107 tot
784 2047 927 2123 extruxit,
950 2056 980 2108 nt
1001 2046 1058 2107 cui·

56 2135 120 2193 dam
138 2130 250 2192 Graece
266 2132 433 2210 inscriptum
451 2134 502 2192 sit:
526 2133 614 2192 arci.
655 2130 829 2192 Consulatus
852 2131 1060 2209 septemdecim

57 2217 144 2295 oepit,
164 2224 234 2295 quot
249 2225 315 2277 ante
330 2234 395 2276 eum
409 2232 510 2285 nemo;
528 2216 683 2295 exquibus
699 2225 812 2294 septem
834 2214 946 2275 medios
970 2216 1059 2275 conti-

56 2302 167 2377 nuavit,
192 2317 292 2361 omnes
315 2309 410 2361 autem
433 2318 527 2380 paene
549 2299 631 2360 titulo
653 2309 737 2361 tenus
760 2300 868 2377 gessit,
887 2318 943 2360 nec
964 2315 1059 2378 quem-

19 2401 46 2440 ιο
58 2402 141 2463 quam
158 2383 232 2445 ultra
249 2383 296 2448 lll.
313 2385 380 2446 lllai.
398 2384 557 2464 plerosque
574 2383 609 2445 ad
621 2383 688 2448 Idus
699 2402 792 2463 usque
804 2383 961 2445 lanuarias.
990 2382 1062 2443 Post

56 2477 151 2529 autem
167 2466 239 2528 duos
255 2468 429 2548 triumphos,
452 2467 616 2530 Germanici
635 2469 808 2546 cognomine
822 2477 988 2548 assumpto,
1009 2469 1060 2527 Se·

57 2550 217 2631 ptembrem
233 2570 362 2613 mensem
379 2562 408 2613 et
423 2552 580 2614 Octobrem
601 2572 639 2614 ex
657 2552 902 2633 appellationibus
919 2553 978 2612 suis
991 2550 1060 2615 Ger·

55 2637 196 2696 monicum
213 2635 462 2717 Domitianumque
478 2637 731 2716 mansnominavit,
753 2636 830 2717 quod
849 2637 942 2698 altero
961 2654 1060 2699 susce-

56 2722 149 2801 pisset
169 2721 329 2801 imperium,
345 2722 438 2784 altero
454 2731 536 2783 nutus
552 2731 641 2784 esset.

19 2825 47 2866 so
117 2804 174 2867 Per
187 2802 261 2866 haec
276 2806 414 2867 terribilis
434 2809 546 2868 cunctis
566 2816 596 2867 et
614 2806 739 2884 invisus,
761 2805 875 2866 tandem
900 2821 1061 2883 oppressus
1069 2806 1104 2861 14

55 2897 101 2949 est
115 2889 271 2950 amicorum
287 2890 517 2970 libertorumque
532 2891 695 2952 intimorum
719 2889 953 2969 conspiratione,
979 2887 1062 2947 simul

55 2982 84 3034 et
98 2974 208 3035 uxoris.
241 2972 354 3038 Annum
369 2975 504 3053 diemque
519 2975 646 3037 ultimum
662 2975 740 3035 vitae
755 2976 810 3034 iam
826 2972 937 3052 pridem
959 2989 1061 3050 suspe-

55 3065 131 3119 ctum
145 3056 282 3134 babebat,
299 3058 400 3119 horam
418 3060 512 3136 etiam,
530 3077 586 3119 nec
602 3075 662 3118 non
678 3066 707 3118 et
721 3076 815 3136 genus
830 3059 942 3118 mortis.
983 3053 1061 3116 Adu-

53 3140 216 3202 lescontulo
239 3139 379 3203 Chaldaei
401 3151 504 3209 cuncta
523 3141 746 3222 praedixerant3
768 3151 853 3221 pater
873 3157 991 3241 quoque
1016 3158 1062 3201 su·

18 3242 110 3305 asper
125 3242 245 3289 menam
262 3226 407 3305 qnondam
428 3226 526 3304 iungis
548 3227 741 3289 abstinentem
762 3227 858 3327 palam
878 3226 1010 3287 irriserat
1030 3232 1056 3282 ut

54 3309 186 3388 humum
200 3312 289 3373 sortis
301 3330 380 3389 suae
398 3310 476 3393 quod
493 3329 551 3372 non
565 3312 674 3373 terrum
689 3311 786 3412 potius
800 3312 925 3371 timeret.
964 3310 1058 3386 Quare

54 3391 179 3475 pelidae
200 3412 236 3461 te
302 3405 372 3458 ratu
424 3396 571 3473 anxius,
595 3397 717 3457 minimis
743 3396 827 3458 etiam
853 3394 1056 3474 suspitionibus

55 3484 175 3561 Μαι
192 3495 236 3543 nu
436 3480 575 3554 rebatur3
593 3479 772 3542 ntedic-tida
787 3477 1060 3540 ‹cidendisvineis
