<?xml version="1.0" encoding="UTF-8"?>
<!DOCTYPE html PUBLIC "-//W3C//DTD XHTML 1.0 Transitional//EN"
    "http://www.w3.org/TR/xhtml1/DTD/xhtml1-transitional.dtd">
<html xmlns="http://www.w3.org/1999/xhtml" xml:lang="en" lang="en">
 <head>
  <title>
</title>
<meta http-equiv="Content-Type" content="text/html;charset=utf-8" />
  <meta name='ocr-system' content='tesseract 3.04.00' />
  <meta name='ocr-capabilities' content='ocr_page ocr_carea ocr_par ocr_line ocrx_word'/>
</head>
<body>
  <div class='ocr_page' id='page_1' title='image "./csuetonitranqui00trangoog_0093.png"; bbox 0 0 2286 3862; ppageno 0'>
   <div class='ocr_carea' id='block_1_1' title="bbox 127 89 716 146">
    <p class='ocr_par' dir='ltr' id='par_1_1' title="bbox 127 89 716 146">
     <span class='ocr_line' id='line_1_1' title="bbox 127 89 716 146; baseline -0.012 1"><span class='ocrx_word' id='word_1_1' title='bbox 127 89 129 94; x_wconf 84' lang='lat'>&#39;</span> <span class='ocrx_word' id='word_1_2' title='bbox 171 95 304 146; x_wconf 76' lang='lat' dir='ltr'><strong>emur</strong></span> <span class='ocrx_word' id='word_1_3' title='bbox 508 90 716 140; x_wconf 73' lang='lat' dir='ltr'>PRAEFATIO.</span> 
     </span>
    </p>
   </div>
   <div class='ocr_carea' id='block_1_2' title="bbox 172 246 1090 1658">
    <p class='ocr_par' dir='ltr' id='par_1_2' title="bbox 172 246 1090 1076">
     <span class='ocr_line' id='line_1_2' title="bbox 173 246 1090 325; baseline -0.005 -12"><span class='ocrx_word' id='word_1_4' title='bbox 173 272 233 313; x_wconf 90' lang='lat' dir='ltr'><strong>cum</strong></span> <span class='ocrx_word' id='word_1_5' title='bbox 249 255 311 325; x_wconf 90' lang='lat' dir='ltr'><strong>ipso</strong></span> <span class='ocrx_word' id='word_1_6' title='bbox 329 252 438 309; x_wconf 87' lang='lat' dir='ltr'><strong>nomine</strong></span> <span class='ocrx_word' id='word_1_7' title='bbox 454 268 486 306; x_wconf 92' lang='lat' dir='ltr'><strong>ea</strong></span> <span class='ocrx_word' id='word_1_8' title='bbox 500 267 572 321; x_wconf 85' lang='lat' dir='ltr'><strong>quae</strong></span> <span class='ocrx_word' id='word_1_9' title='bbox 586 251 621 306; x_wconf 94' lang='lat' dir='ltr'><strong>ad</strong></span> <span class='ocrx_word' id='word_1_10' title='bbox 636 267 724 319; x_wconf 84' lang='lat' dir='ltr'><strong>genus</strong></span> <span class='ocrx_word' id='word_1_11' title='bbox 736 250 913 306; x_wconf 76' lang='lat' dir='ltr'><strong>Annaeorurn</strong></span> <span class='ocrx_word' id='word_1_12' title='bbox 932 246 1090 323; x_wconf 75' lang='lat' dir='ltr'><strong>ipsiusque</strong></span> 
     </span>
     <span class='ocr_line' id='line_1_3' title="bbox 173 333 1089 412; baseline -0.007 -17"><span class='ocrx_word' id='word_1_13' title='bbox 173 346 274 412; x_wconf 91' lang='lat' dir='ltr'><strong>poetae</strong></span> <span class='ocrx_word' id='word_1_14' title='bbox 291 343 408 393; x_wconf 90' lang='lat' dir='ltr'><strong>aetatem</strong></span> <span class='ocrx_word' id='word_1_15' title='bbox 425 336 580 389; x_wconf 77' lang='lat' dir='ltr'><strong>accuratius</strong></span> <span class='ocrx_word' id='word_1_16' title='bbox 598 334 780 390; x_wconf 87' lang='lat' dir='ltr'><strong>definiendam</strong></span> <span class='ocrx_word' id='word_1_17' title='bbox 793 333 992 405; x_wconf 85' lang='lat' dir='ltr'><strong>pertinebant,</strong></span> <span class='ocrx_word' id='word_1_18' title='bbox 1012 351 1089 404; x_wconf 87' lang='lat' dir='ltr'><strong>quae</strong></span> 
     </span>
     <span class='ocr_line' id='line_1_4' title="bbox 174 417 1088 489; baseline -0.004 -11"><span class='ocrx_word' id='word_1_19' title='bbox 174 422 302 478; x_wconf 89' lang='lat' dir='ltr'><strong>consulto</strong></span> <span class='ocrx_word' id='word_1_20' title='bbox 318 419 487 475; x_wconf 85' lang='lat' dir='ltr'><strong>scholiastae</strong></span> <span class='ocrx_word' id='word_1_21' title='bbox 501 417 631 473; x_wconf 89' lang='lat' dir='ltr'><strong>omisisse</strong></span> <span class='ocrx_word' id='word_1_22' title='bbox 647 417 825 486; x_wconf 75' lang='lat' dir='ltr'>crediderim,</span> <span class='ocrx_word' id='word_1_23' title='bbox 842 423 994 489; x_wconf 85' lang='lat' dir='ltr'><strong>postquam</strong></span> <span class='ocrx_word' id='word_1_24' title='bbox 1015 419 1088 475; x_wconf 92' lang='lat' dir='ltr'><strong>alte·</strong></span> 
     </span>
     <span class='ocr_line' id='line_1_5' title="bbox 174 496 1088 576; baseline -0.003 -15"><span class='ocrx_word' id='word_1_25' title='bbox 174 523 232 562; x_wconf 82' lang='lat' dir='ltr'><strong>ram</strong></span> <span class='ocrx_word' id='word_1_26' title='bbox 247 506 330 561; x_wconf 88' lang='lat' dir='ltr'><strong>vitam</strong></span> <span class='ocrx_word' id='word_1_27' title='bbox 346 521 415 575; x_wconf 90' lang='lat' dir='ltr'><strong>quac</strong></span> <span class='ocrx_word' id='word_1_28' title='bbox 422 503 532 559; x_wconf 88' lang='lat' dir='ltr'><strong>Vaccae</strong></span> <span class='ocrx_word' id='word_1_29' title='bbox 549 503 637 556; x_wconf 88' lang='lat' dir='ltr'><strong>icrtur</strong></span> <span class='ocrx_word' id='word_1_30' title='bbox 652 500 788 572; x_wconf 79' lang='lat' dir='ltr'><strong>integram</strong></span> <span class='ocrx_word' id='word_1_31' title='bbox 802 496 1019 576; x_wconf 53' lang='lat' dir='ltr'><strong>perscripsitffi)</strong></span> <span class='ocrx_word' id='word_1_32' title='bbox 1036 503 1088 560; x_wconf 88' lang='lat' dir='ltr'><strong>has</strong></span> 
     </span>
     <span class='ocr_line' id='line_1_6' title="bbox 172 580 1088 658; baseline -0.004 -13"><span class='ocrx_word' id='word_1_33' title='bbox 172 607 219 645; x_wconf 90' lang='lat' dir='ltr'><strong>res</strong></span> <span class='ocrx_word' id='word_1_34' title='bbox 235 586 448 658; x_wconf 86' lang='lat' dir='ltr'><strong>diligentissime</strong></span> <span class='ocrx_word' id='word_1_35' title='bbox 465 591 634 642; x_wconf 74' lang='lat' dir='ltr'><strong>exsecutam.</strong></span> <span class='ocrx_word' id='word_1_36' title='bbox 661 585 726 641; x_wconf 88' lang='lat' dir='ltr'><strong>Tum</strong></span> <span class='ocrx_word' id='word_1_37' title='bbox 741 586 769 640; x_wconf 94' lang='lat' dir='ltr'><strong>in</strong></span> <span class='ocrx_word' id='word_1_38' title='bbox 785 580 998 657; x_wconf 68' lang='lat' dir='ltr'><strong>posterioribus</strong></span> <span class='ocrx_word' id='word_1_39' title='bbox 1016 603 1088 656; x_wconf 87' lang='lat' dir='ltr'><strong>quo-</strong></span> 
     </span>
     <span class='ocr_line' id='line_1_7' title="bbox 174 667 1089 745; baseline -0.001 -17"><span class='ocrx_word' id='word_1_40' title='bbox 174 690 227 745; x_wconf 91' lang='lat' dir='ltr'><strong>que</strong></span> <span class='ocrx_word' id='word_1_41' title='bbox 244 672 374 727; x_wconf 88' lang='lat' dir='ltr'><strong>nonnulla</strong></span> <span class='ocrx_word' id='word_1_42' title='bbox 396 672 484 727; x_wconf 92' lang='lat' dir='ltr'><strong>minus</strong></span> <span class='ocrx_word' id='word_1_43' title='bbox 506 670 628 739; x_wconf 83' lang='lat' dir='ltr'><strong>levigata</strong></span> <span class='ocrx_word' id='word_1_44' title='bbox 649 676 728 739; x_wconf 88' lang='lat' dir='ltr'><strong>sunt,</strong></span> <span class='ocrx_word' id='word_1_45' title='bbox 746 675 776 723; x_wconf 91' lang='lat' dir='ltr'><strong>ut</strong></span> <span class='ocrx_word' id='word_1_46' title='bbox 795 667 913 740; x_wconf 92' lang='lat' dir='ltr'><strong>pristina</strong></span> <span class='ocrx_word' id='word_1_47' title='bbox 936 668 1089 739; x_wconf 79' lang='lat' dir='ltr'><strong>elegantia</strong></span> 
     </span>
     <span class='ocr_line' id='line_1_8' title="bbox 175 751 1089 825; baseline -0.005 -11"><span class='ocrx_word' id='word_1_48' title='bbox 175 755 326 814; x_wconf 89' lang='lat' dir='ltr'><strong>omittendo</strong></span> <span class='ocrx_word' id='word_1_49' title='bbox 344 755 590 825; x_wconf 89' lang='lat' dir='ltr'><strong>contrahendoque</strong></span> <span class='ocrx_word' id='word_1_50' title='bbox 606 754 753 809; x_wconf 90' lang='lat' dir='ltr'><strong>obscurata</strong></span> <span class='ocrx_word' id='word_1_51' title='bbox 777 769 841 808; x_wconf 90' lang='lat' dir='ltr'><strong>esse</strong></span> <span class='ocrx_word' id='word_1_52' title='bbox 857 751 1001 808; x_wconf 84' lang='lat' dir='ltr'><strong>videatur.</strong></span> <span class='ocrx_word' id='word_1_53' title='bbox 1052 754 1089 811; x_wconf 82' lang='lat' dir='ltr'><strong>tu</strong></span> 
     </span>
     <span class='ocr_line' id='line_1_9' title="bbox 174 835 1087 913; baseline -0.001 -17"><span class='ocrx_word' id='word_1_54' title='bbox 174 859 202 913; x_wconf 92' lang='lat' dir='ltr'><strong>p.</strong></span> <span class='ocrx_word' id='word_1_55' title='bbox 218 845 285 908; x_wconf 79' lang='lat'><strong>299,</strong></span> <span class='ocrx_word' id='word_1_56' title='bbox 300 844 333 896; x_wconf 81' lang='lat'><strong>21</strong></span> <span class='ocrx_word' id='word_1_57' title='bbox 352 854 407 894; x_wconf 91' lang='lat' dir='ltr'><strong>nou</strong></span> <span class='ocrx_word' id='word_1_58' title='bbox 423 838 593 894; x_wconf 80' lang='lat' dir='ltr'><strong>scholiastae</strong></span> <span class='ocrx_word' id='word_1_59' title='bbox 609 836 738 902; x_wconf 89' lang='lat' dir='ltr'><strong>consilio,</strong></span> <span class='ocrx_word' id='word_1_60' title='bbox 756 836 807 892; x_wconf 91' lang='lat' dir='ltr'><strong>sed</strong></span> <span class='ocrx_word' id='word_1_61' title='bbox 822 835 931 892; x_wconf 90' lang='lat' dir='ltr'><strong>librarii</strong></span> <span class='ocrx_word' id='word_1_62' title='bbox 947 835 1039 908; x_wconf 88' lang='lat' dir='ltr'><strong>lapsu</strong></span> <span class='ocrx_word' id='word_1_63' title='bbox 1055 855 1087 895; x_wconf 88' lang='lat' dir='ltr'><strong>ea</strong></span> 
     </span>
     <span class='ocr_line' id='line_1_10' title="bbox 176 918 1087 994; baseline -0.001 -14"><span class='ocrx_word' id='word_1_64' title='bbox 176 923 318 981; x_wconf 85' lang='lat' dir='ltr'><strong>excidisse</strong></span> <span class='ocrx_word' id='word_1_65' title='bbox 333 929 449 994; x_wconf 92' lang='lat' dir='ltr'><strong>apparet</strong></span> <span class='ocrx_word' id='word_1_66' title='bbox 462 938 532 992; x_wconf 89' lang='lat' dir='ltr'><strong>quae</strong></span> <span class='ocrx_word' id='word_1_67' title='bbox 545 923 579 976; x_wconf 93' lang='lat' dir='ltr'><strong>de</strong></span> <span class='ocrx_word' id='word_1_68' title='bbox 597 921 661 990; x_wconf 76' lang='lat' dir='ltr'><strong>iuga</strong></span> <span class='ocrx_word' id='word_1_69' title='bbox 675 919 777 976; x_wconf 89' lang='lat' dir='ltr'><strong>Lucani</strong></span> <span class='ocrx_word' id='word_1_70' title='bbox 794 926 822 974; x_wconf 91' lang='lat' dir='ltr'><strong>et</strong></span> <span class='ocrx_word' id='word_1_71' title='bbox 835 919 937 975; x_wconf 85' lang='lat' dir='ltr'><strong>itinere</strong></span> <span class='ocrx_word' id='word_1_72' title='bbox 950 918 1087 979; x_wconf 73' lang='lat' dir='ltr'><strong>Athenas</strong></span> 
     </span>
     <span class='ocr_line' id='line_1_11' title="bbox 175 1002 893 1076; baseline -0.01 -13"><span class='ocrx_word' id='word_1_73' title='bbox 175 1009 249 1066; x_wconf 85' lang='lat' dir='ltr'><strong>iacto</strong></span> <span class='ocrx_word' id='word_1_74' title='bbox 266 1007 422 1075; x_wconf 89' lang='lat' dir='ltr'><strong>studiisque</strong></span> <span class='ocrx_word' id='word_1_75' title='bbox 438 1004 634 1076; x_wconf 84' lang='lat' dir='ltr'><strong>philosophiae</strong></span> <span class='ocrx_word' id='word_1_76' title='bbox 649 1003 754 1076; x_wconf 89' lang='lat' dir='ltr'><strong>scripta</strong></span> <span class='ocrx_word' id='word_1_77' title='bbox 773 1002 893 1058; x_wconf 90' lang='lat' dir='ltr'><strong>luerunt.</strong></span> 
     </span>
    </p>

    <p class='ocr_par' dir='ltr' id='par_1_3' title="bbox 172 1086 1088 1658">
     <span class='ocr_line' id='line_1_12' title="bbox 235 1086 1087 1159; baseline 0.004 -15"><span class='ocrx_word' id='word_1_78' title='bbox 235 1091 310 1145; x_wconf 86' lang='lat' dir='ltr'><strong>Haec</strong></span> <span class='ocrx_word' id='word_1_79' title='bbox 332 1089 388 1144; x_wconf 91' lang='lat' dir='ltr'><strong>vite</strong></span> <span class='ocrx_word' id='word_1_80' title='bbox 410 1094 474 1158; x_wconf 91' lang='lat' dir='ltr'><strong>post</strong></span> <span class='ocrx_word' id='word_1_81' title='bbox 496 1086 955 1159; x_wconf 82' lang='lat' dir='ltr'><strong>editionemprincipema.1475</strong></span> <span class='ocrx_word' id='word_1_82' title='bbox 981 1088 1087 1147; x_wconf 85' lang='lat' dir='ltr'><strong>iactam</strong></span> 
     </span>
     <span class='ocr_line' id='line_1_13' title="bbox 173 1170 1088 1241; baseline 0.002 -13"><span class='ocrx_word' id='word_1_83' title='bbox 173 1173 258 1229; x_wconf 89' lang='lat' dir='ltr'><strong>toties</strong></span> <span class='ocrx_word' id='word_1_84' title='bbox 270 1189 331 1228; x_wconf 86' lang='lat' dir='ltr'><strong>curn</strong></span> <span class='ocrx_word' id='word_1_85' title='bbox 346 1171 447 1227; x_wconf 92' lang='lat' dir='ltr'><strong>Lucani</strong></span> <span class='ocrx_word' id='word_1_86' title='bbox 463 1171 584 1227; x_wconf 90' lang='lat' dir='ltr'><strong>carmine</strong></span> <span class='ocrx_word' id='word_1_87' title='bbox 596 1171 708 1241; x_wconf 75' lang='lat' dir='ltr'><strong>vulgata</strong></span> <span class='ocrx_word' id='word_1_88' title='bbox 726 1178 779 1240; x_wconf 90' lang='lat' dir='ltr'><strong>est,</strong></span> <span class='ocrx_word' id='word_1_89' title='bbox 794 1177 825 1225; x_wconf 95' lang='lat' dir='ltr'><strong>ut</strong></span> <span class='ocrx_word' id='word_1_90' title='bbox 841 1186 907 1226; x_wconf 90' lang='lat' dir='ltr'><strong>saue</strong></span> <span class='ocrx_word' id='word_1_91' title='bbox 924 1170 1088 1230; x_wconf 89' lang='lat' dir='ltr'><strong>mirandum</strong></span> 
     </span>
     <span class='ocr_line' id='line_1_14' title="bbox 174 1254 1088 1326; baseline 0.002 -14"><span class='ocrx_word' id='word_1_92' title='bbox 174 1256 211 1312; x_wconf 89' lang='lat' dir='ltr'><strong>sit</strong></span> <span class='ocrx_word' id='word_1_93' title='bbox 228 1263 256 1312; x_wconf 90' lang='lat' dir='ltr'><strong>et</strong></span> <span class='ocrx_word' id='word_1_94' title='bbox 272 1256 446 1325; x_wconf 81' lang='lat' dir='ltr'><strong>Scaligerum</strong></span> <span class='ocrx_word' id='word_1_95' title='bbox 466 1254 562 1310; x_wconf 84' lang='lat' dir='ltr'><strong>formis</strong></span> <span class='ocrx_word' id='word_1_96' title='bbox 586 1270 641 1310; x_wconf 90' lang='lat' dir='ltr'><strong>non</strong></span> <span class='ocrx_word' id='word_1_97' title='bbox 657 1271 788 1310; x_wconf 86' lang='lat' dir='ltr'><strong>excusam</strong></span> <span class='ocrx_word' id='word_1_98' title='bbox 812 1254 956 1326; x_wconf 86' lang='lat' dir='ltr'><strong>putavisse</strong></span> <span class='ocrx_word' id='word_1_99' title='bbox 984 1261 1018 1311; x_wconf 86' lang='lat' dir='ltr'><strong>et</strong></span> <span class='ocrx_word' id='word_1_100' title='bbox 1035 1257 1088 1314; x_wconf 80' lang='lat' dir='ltr'><strong>Ge-</strong></span> 
     </span>
     <span class='ocr_line' id='line_1_15' title="bbox 173 1333 1087 1412; baseline -0.002 -14"><span class='ocrx_word' id='word_1_101' title='bbox 173 1342 326 1398; x_wconf 82' lang='lat' dir='ltr'><strong>aauhcnum</strong></span> <span class='ocrx_word' id='word_1_102' title='bbox 348 1339 487 1395; x_wconf 90' lang='lat' dir='ltr'><strong>secundae</strong></span> <span class='ocrx_word' id='word_1_103' title='bbox 502 1355 570 1394; x_wconf 88' lang='lat' dir='ltr'><strong>suae</strong></span> <span class='ocrx_word' id='word_1_104' title='bbox 592 1333 752 1412; x_wconf 74' lang='lat' dir='ltr'><strong>editioni⁷⁹)</strong></span> <span class='ocrx_word' id='word_1_105' title='bbox 775 1338 918 1393; x_wconf 86' lang='lat' dir='ltr'><strong>addidisse</strong></span> <span class='ocrx_word' id='word_1_106' title='bbox 940 1344 1087 1412; x_wconf 89' lang='lat' dir='ltr'><strong>tamquam</strong></span> 
     </span>
     <span class='ocr_line' id='line_1_16' title="bbox 174 1419 1087 1498; baseline 0.001 -18"><span class='ocrx_word' id='word_1_107' title='bbox 174 1419 358 1498; x_wconf 65' lang='lat' dir='ltr'><strong>traditamt&#39;).</strong></span> <span class='ocrx_word' id='word_1_108' title='bbox 404 1422 508 1494; x_wconf 87' lang='lat' dir='ltr'><strong>Scripti</strong></span> <span class='ocrx_word' id='word_1_109' title='bbox 532 1423 599 1478; x_wconf 83' lang='lat' dir='ltr'><strong>libri</strong></span> <span class='ocrx_word' id='word_1_110' title='bbox 617 1421 737 1494; x_wconf 85' lang='lat' dir='ltr'><strong>inspecti</strong></span> <span class='ocrx_word' id='word_1_111' title='bbox 759 1428 822 1476; x_wconf 92' lang='lat' dir='ltr'><strong>sunt</strong></span> <span class='ocrx_word' id='word_1_112' title='bbox 836 1422 926 1476; x_wconf 92' lang='lat' dir='ltr'><strong>adhuc</strong></span> <span class='ocrx_word' id='word_1_113' title='bbox 941 1423 1014 1479; x_wconf 89' lang='lat' dir='ltr'>v111</span> <span class='ocrx_word' id='word_1_114' title='bbox 1036 1442 1087 1481; x_wconf 91' lang='lat' dir='ltr'><strong>nu-</strong></span> 
     </span>
     <span class='ocr_line' id='line_1_17' title="bbox 173 1505 1086 1580; baseline -0.001 -15"><span class='ocrx_word' id='word_1_115' title='bbox 173 1525 266 1578; x_wconf 85' lang='lat' dir='ltr'><strong>mero,</strong></span> <span class='ocrx_word' id='word_1_116' title='bbox 282 1524 398 1580; x_wconf 85' lang='lat' dir='ltr'><strong>quorum</strong></span> <span class='ocrx_word' id='word_1_117' title='bbox 414 1506 472 1562; x_wconf 89' lang='lat' dir='ltr'><strong>bini</strong></span> <span class='ocrx_word' id='word_1_118' title='bbox 487 1509 593 1562; x_wconf 88' lang='lat' dir='ltr'><strong>Bernae</strong></span> <span class='ocrx_word' id='word_1_119' title='bbox 609 1512 638 1560; x_wconf 93' lang='lat' dir='ltr'><strong>et</strong></span> <span class='ocrx_word' id='word_1_120' title='bbox 652 1505 781 1573; x_wconf 87' lang='lat' dir='ltr'><strong>Parisiis,</strong></span> <span class='ocrx_word' id='word_1_121' title='bbox 797 1505 900 1575; x_wconf 86' lang='lat' dir='ltr'><strong>singuli</strong></span> <span class='ocrx_word' id='word_1_122' title='bbox 916 1506 1086 1580; x_wconf 84' lang='lat' dir='ltr'><strong>dientepes-</strong></span> 
     </span>
     <span class='ocr_line' id='line_1_18' title="bbox 172 1589 1086 1658; baseline -0.002 -9"><span class='ocrx_word' id='word_1_123' title='bbox 172 1592 227 1649; x_wconf 85' lang='lat' dir='ltr'><strong>suli</strong></span> <span class='ocrx_word' id='word_1_124' title='bbox 241 1591 375 1646; x_wconf 80' lang='lat' dir='ltr'><strong>cassellis</strong></span> <span class='ocrx_word' id='word_1_125' title='bbox 389 1589 512 1646; x_wconf 89' lang='lat' dir='ltr'><strong>Berolini</strong></span> <span class='ocrx_word' id='word_1_126' title='bbox 527 1595 716 1658; x_wconf 87' lang='lat' dir='ltr'><strong>asservantur,</strong></span> <span class='ocrx_word' id='word_1_127' title='bbox 732 1606 801 1644; x_wconf 94' lang='lat' dir='ltr'><strong>unus</strong></span> <span class='ocrx_word' id='word_1_128' title='bbox 818 1589 955 1644; x_wconf 90' lang='lat' dir='ltr'><strong>incertum</strong></span> <span class='ocrx_word' id='word_1_129' title='bbox 972 1592 1028 1647; x_wconf 92' lang='lat' dir='ltr'><strong>ubi</strong></span> <span class='ocrx_word' id='word_1_130' title='bbox 1044 1592 1086 1647; x_wconf 90' lang='lat' dir='ltr'><strong>la-</strong></span> 
     </span>
    </p>
   </div>
   <div class='ocr_carea' id='block_1_3' title="bbox 168 1765 1139 3398">
    <p class='ocr_par' dir='ltr' id='par_1_4' title="bbox 171 1765 1085 2104">
     <span class='ocr_line' id='line_1_19' title="bbox 240 1765 1084 1836; baseline 0.006 -19"><span class='ocrx_word' id='word_1_131' title='bbox 240 1765 288 1830; x_wconf 75' lang='lat'><strong>78)</strong></span> <span class='ocrx_word' id='word_1_132' title='bbox 308 1767 428 1832; x_wconf 85' lang='lat' dir='ltr'><strong>Superest</strong></span> <span class='ocrx_word' id='word_1_133' title='bbox 446 1768 501 1816; x_wconf 89' lang='lat' dir='ltr'><strong>eius</strong></span> <span class='ocrx_word' id='word_1_134' title='bbox 520 1768 621 1833; x_wconf 77' lang='lat' dir='ltr'><strong>generis</strong></span> <span class='ocrx_word' id='word_1_135' title='bbox 638 1767 720 1817; x_wconf 86' lang='lat' dir='ltr'><strong>codex</strong></span> <span class='ocrx_word' id='word_1_136' title='bbox 736 1767 873 1818; x_wconf 88' lang='lat' dir='ltr'><strong>Beruensis</strong></span> <span class='ocrx_word' id='word_1_137' title='bbox 888 1767 941 1818; x_wconf 80' lang='lat'><strong>370</strong></span> <span class='ocrx_word' id='word_1_138' title='bbox 957 1768 1084 1836; x_wconf 83' lang='lat' dir='ltr'><strong>idemque</strong></span> 
     </span>
     <span class='ocr_line' id='line_1_20' title="bbox 171 1835 1085 1900; baseline 0.002 -11"><span class='ocrx_word' id='word_1_139' title='bbox 171 1835 284 1890; x_wconf 85' lang='lat' dir='ltr'><strong>emulum</strong></span> <span class='ocrx_word' id='word_1_140' title='bbox 301 1835 530 1885; x_wconf 85' lang='lat' dir='ltr'><strong>emendatissimus.</strong></span> <span class='ocrx_word' id='word_1_141' title='bbox 566 1837 594 1884; x_wconf 90' lang='lat' dir='ltr'><strong>ln</strong></span> <span class='ocrx_word' id='word_1_142' title='bbox 620 1850 649 1885; x_wconf 90' lang='lat' dir='ltr'><strong>eo</strong></span> <span class='ocrx_word' id='word_1_143' title='bbox 667 1836 735 1884; x_wconf 88' lang='lat' dir='ltr'><strong>enim</strong></span> <span class='ocrx_word' id='word_1_144' title='bbox 751 1845 808 1900; x_wconf 88' lang='lat' dir='ltr'><strong>post</strong></span> <span class='ocrx_word' id='word_1_145' title='bbox 823 1836 977 1886; x_wconf 86' lang='lat' dir='ltr'><strong>vocabulum</strong></span> <span class='ocrx_word' id='word_1_146' title='bbox 994 1855 1085 1891; x_wconf 82' lang='lat' dir='ltr'><strong>aecer·</strong></span> 
     </span>
     <span class='ocr_line' id='line_1_21' title="bbox 171 1903 1084 1969; baseline 0.009 -18"><span class='ocrx_word' id='word_1_147' title='bbox 171 1908 218 1966; x_wconf 71' lang='lat' dir='ltr'><strong>aio,</strong></span> <span class='ocrx_word' id='word_1_148' title='bbox 233 1903 302 1968; x_wconf 88' lang='lat' dir='ltr'><strong>quod</strong></span> <span class='ocrx_word' id='word_1_149' title='bbox 317 1903 431 1952; x_wconf 88' lang='lat' dir='ltr'><strong>ultimum</strong></span> <span class='ocrx_word' id='word_1_150' title='bbox 446 1911 485 1952; x_wconf 90' lang='lat' dir='ltr'><strong>est</strong></span> <span class='ocrx_word' id='word_1_151' title='bbox 500 1903 566 1953; x_wconf 85' lang='lat' dir='ltr'><strong>ritae</strong></span> <span class='ocrx_word' id='word_1_152' title='bbox 583 1919 598 1952; x_wconf 91' lang='lat' dir='ltr'><strong>a</strong></span> <span class='ocrx_word' id='word_1_153' title='bbox 612 1904 696 1953; x_wconf 88' lang='lat' dir='ltr'><strong>Vacca</strong></span> <span class='ocrx_word' id='word_1_154' title='bbox 711 1905 875 1969; x_wconf 84' lang='lat' dir='ltr'><strong>conscriptae,</strong></span> <span class='ocrx_word' id='word_1_155' title='bbox 894 1907 1023 1958; x_wconf 90' lang='lat' dir='ltr'><strong>continuo</strong></span> <span class='ocrx_word' id='word_1_156' title='bbox 1043 1924 1084 1958; x_wconf 85' lang='lat' dir='ltr'><strong>se·</strong></span> 
     </span>
     <span class='ocr_line' id='line_1_22' title="bbox 172 1973 1083 2040; baseline 0.003 -16"><span class='ocrx_word' id='word_1_157' title='bbox 172 1981 283 2040; x_wconf 83' lang='lat' dir='ltr'><strong>quantur</strong></span> <span class='ocrx_word' id='word_1_158' title='bbox 296 1973 384 2021; x_wconf 81' lang='lat' dir='ltr'><strong>Primo</strong></span> <span class='ocrx_word' id='word_1_159' title='bbox 400 1974 552 2037; x_wconf 70' lang='lat' dir='ltr'><strong>impenitate.</strong></span> <span class='ocrx_word' id='word_1_160' title='bbox 574 1973 681 2038; x_wconf 85' lang='lat' dir='ltr'><strong>parvulo</strong></span> <span class='ocrx_word' id='word_1_161' title='bbox 699 1973 785 2023; x_wconf 90' lang='lat' dir='ltr'><strong>relicto</strong></span> <span class='ocrx_word' id='word_1_162' title='bbox 803 1973 937 2022; x_wconf 88' lang='lat' dir='ltr'><strong>intervallo</strong></span> <span class='ocrx_word' id='word_1_163' title='bbox 955 1975 1083 2040; x_wconf 88' lang='lat' dir='ltr'><strong>nulleque</strong></span> 
     </span>
     <span class='ocr_line' id='line_1_23' title="bbox 171 2041 413 2104; baseline -0.004 -11"><span class='ocrx_word' id='word_1_164' title='bbox 171 2041 244 2094; x_wconf 81' lang='lat' dir='ltr'><strong>titulo</strong></span> <span class='ocrx_word' id='word_1_165' title='bbox 256 2041 413 2104; x_wconf 88' lang='lat' dir='ltr'><strong>interposite.</strong></span> 
     </span>
    </p>

    <p class='ocr_par' dir='ltr' id='par_1_5' title="bbox 239 2108 1081 2177">
     <span class='ocr_line' id='line_1_24' title="bbox 239 2108 1081 2177; baseline 0.007 -18"><span class='ocrx_word' id='word_1_166' title='bbox 239 2108 288 2175; x_wconf 86' lang='grc'><strong>79)</strong></span> <span class='ocrx_word' id='word_1_167' title='bbox 309 2110 341 2162; x_wconf 84' lang='grc' dir='ltr'><strong>Α.</strong></span> <span class='ocrx_word' id='word_1_168' title='bbox 368 2109 442 2160; x_wconf 88' lang='grc'><strong>1010.</strong></span> <span class='ocrx_word' id='word_1_169' title='bbox 478 2109 529 2160; x_wconf 88' lang='lat' dir='ltr'><strong>Sed</strong></span> <span class='ocrx_word' id='word_1_170' title='bbox 551 2113 603 2161; x_wconf 89' lang='lat' dir='ltr'><strong>iam</strong></span> <span class='ocrx_word' id='word_1_171' title='bbox 619 2127 643 2161; x_wconf 91' lang='lat' dir='ltr'><strong>a.</strong></span> <span class='ocrx_word' id='word_1_172' title='bbox 663 2110 730 2162; x_wconf 83' lang='grc'>1596</span> <span class='ocrx_word' id='word_1_173' title='bbox 747 2118 890 2177; x_wconf 85' lang='lat' dir='ltr'><strong>acceperat,</strong></span> <span class='ocrx_word' id='word_1_174' title='bbox 910 2110 1081 2164; x_wconf 76' lang='lat' dir='ltr'><strong>a&#39;iheodoro</strong></span> 
     </span>
    </p>

    <p class='ocr_par' dir='ltr' id='par_1_6' title="bbox 168 2179 1139 3128">
     <span class='ocr_line' id='line_1_25' title="bbox 171 2179 1082 2245; baseline 0.005 -17"><span class='ocrx_word' id='word_1_175' title='bbox 171 2180 279 2234; x_wconf 77' lang='lat' dir='ltr'><strong>Contere</strong></span> <span class='ocrx_word' id='word_1_176' title='bbox 300 2179 461 2230; x_wconf 88' lang='lat' dir='ltr'><strong>Ultraiectiuc</strong></span> <span class='ocrx_word' id='word_1_177' title='bbox 486 2181 597 2231; x_wconf 76' lang='lat' dir='ltr'><strong>caeteri</strong></span> <span class='ocrx_word' id='word_1_178' title='bbox 617 2181 703 2231; x_wconf 91' lang='lat' dir='ltr'><strong>codice</strong></span> <span class='ocrx_word' id='word_1_179' title='bbox 724 2180 890 2245; x_wconf 85' lang='lat' dir='ltr'><strong>descriptam,</strong></span> <span class='ocrx_word' id='word_1_180' title='bbox 912 2179 959 2230; x_wconf 85' lang='lat' dir='ltr'><strong>eir.</strong></span> <span class='ocrx_word' id='word_1_181' title='bbox 981 2181 1082 2233; x_wconf 79' lang='lat' dir='ltr'><strong>Caseu-</strong></span> 
     </span>
     <span class='ocr_line' id='line_1_26' title="bbox 170 2245 1081 2314; baseline -0.001 -12"><span class='ocrx_word' id='word_1_182' title='bbox 170 2247 232 2302; x_wconf 89' lang='lat' dir='ltr'><strong>boni</strong></span> <span class='ocrx_word' id='word_1_183' title='bbox 256 2248 377 2314; x_wconf 88' lang='lat' dir='ltr'><strong>epistolae</strong></span> <span class='ocrx_word' id='word_1_184' title='bbox 398 2266 424 2314; x_wconf 93' lang='lat' dir='ltr'><strong>p.</strong></span> <span class='ocrx_word' id='word_1_185' title='bbox 447 2248 498 2300; x_wconf 87' lang='grc'><strong>040</strong></span> <span class='ocrx_word' id='word_1_186' title='bbox 516 2250 608 2298; x_wconf 83' lang='lat' dir='ltr'><strong>Almel.</strong></span> <span class='ocrx_word' id='word_1_187' title='bbox 634 2250 700 2313; x_wconf 90' lang='lat' dir='ltr'><strong>quod</strong></span> <span class='ocrx_word' id='word_1_188' title='bbox 718 2249 860 2313; x_wconf 86' lang='lat' dir='ltr'><strong>exemplum</strong></span> <span class='ocrx_word' id='word_1_189' title='bbox 877 2245 1081 2302; x_wconf 83' lang='lat' dir='ltr'><strong>Almeloveeuns</strong></span> 
     </span>
     <span class='ocr_line' id='line_1_27' title="bbox 171 2316 1081 2383; baseline 0.004 -17"><span class='ocrx_word' id='word_1_190' title='bbox 171 2318 205 2370; x_wconf 87' lang='lat' dir='ltr'><strong>ad</strong></span> <span class='ocrx_word' id='word_1_191' title='bbox 221 2317 337 2383; x_wconf 76' lang='lat' dir='ltr'><strong>vulgatas</strong></span> <span class='ocrx_word' id='word_1_192' title='bbox 354 2316 476 2367; x_wconf 89' lang='lat' dir='ltr'><strong>editiones</strong></span> <span class='ocrx_word' id='word_1_193' title='bbox 499 2318 634 2366; x_wconf 80' lang='lat' dir='ltr'><strong>refluxisse</strong></span> <span class='ocrx_word' id='word_1_194' title='bbox 647 2318 754 2366; x_wconf 90' lang='lat' dir='ltr'><strong>videtur.</strong></span> <span class='ocrx_word' id='word_1_195' title='bbox 789 2316 956 2382; x_wconf 86' lang='lat' dir='ltr'><strong>Desumptam</strong></span> <span class='ocrx_word' id='word_1_196' title='bbox 978 2334 996 2370; x_wconf 82' lang='lat' dir='ltr'><strong>a</strong></span> <span class='ocrx_word' id='word_1_197' title='bbox 1014 2320 1081 2371; x_wconf 82' lang='lat' dir='ltr'><strong>can-</strong></span> 
     </span>
     <span class='ocr_line' id='line_1_28' title="bbox 171 2383 1080 2450; baseline 0.003 -14"><span class='ocrx_word' id='word_1_198' title='bbox 171 2395 225 2437; x_wconf 89' lang='lat' dir='ltr'><strong>tero</strong></span> <span class='ocrx_word' id='word_1_199' title='bbox 242 2385 269 2435; x_wconf 87' lang='grc'><strong>0.</strong></span> <span class='ocrx_word' id='word_1_200' title='bbox 287 2385 327 2432; x_wconf 83' lang='lat' dir='ltr'><strong>Fr.</strong></span> <span class='ocrx_word' id='word_1_201' title='bbox 344 2383 438 2432; x_wconf 87' lang='lat' dir='ltr'><strong>Weber</strong></span> <span class='ocrx_word' id='word_1_202' title='bbox 461 2386 610 2449; x_wconf 85' lang='lat' dir='ltr'><strong>opinabatur</strong></span> <span class='ocrx_word' id='word_1_203' title='bbox 626 2401 658 2434; x_wconf 86' lang='lat' dir='ltr'><strong>ex</strong></span> <span class='ocrx_word' id='word_1_204' title='bbox 676 2384 761 2447; x_wconf 87' lang='lat' dir='ltr'><strong>aliqua</strong></span> <span class='ocrx_word' id='word_1_205' title='bbox 777 2387 918 2450; x_wconf 88' lang='lat' dir='ltr'><strong>priscarum</strong></span> <span class='ocrx_word' id='word_1_206' title='bbox 935 2386 1080 2438; x_wconf 83' lang='lat' dir='ltr'><strong>editionum</strong></span> 
     </span>
     <span class='ocr_line' id='line_1_29' title="bbox 171 2452 1081 2519; baseline 0.004 -16"><span class='ocrx_word' id='word_1_207' title='bbox 171 2468 229 2503; x_wconf 89' lang='lat' dir='ltr'><strong>eum</strong></span> <span class='ocrx_word' id='word_1_208' title='bbox 245 2452 336 2515; x_wconf 88' lang='lat' dir='ltr'><strong>quibus</strong></span> <span class='ocrx_word' id='word_1_209' title='bbox 354 2452 476 2500; x_wconf 87' lang='lat' dir='ltr'><strong>nonnulle</strong></span> <span class='ocrx_word' id='word_1_210' title='bbox 500 2453 642 2502; x_wconf 90' lang='lat' dir='ltr'><strong>communie</strong></span> <span class='ocrx_word' id='word_1_211' title='bbox 657 2453 746 2515; x_wconf 87' lang='lat' dir='ltr'><strong>habet,</strong></span> <span class='ocrx_word' id='word_1_212' title='bbox 768 2461 796 2503; x_wconf 87' lang='lat' dir='ltr'><strong>ut</strong></span> <span class='ocrx_word' id='word_1_213' title='bbox 814 2469 839 2519; x_wconf 91' lang='lat' dir='ltr'><strong>p.</strong></span> <span class='ocrx_word' id='word_1_214' title='bbox 859 2454 924 2515; x_wconf 85' lang='grc'>299,</span> <span class='ocrx_word' id='word_1_215' title='bbox 947 2455 983 2505; x_wconf 81' lang='grc'><strong>15</strong></span> <span class='ocrx_word' id='word_1_216' title='bbox 999 2457 1081 2508; x_wconf 90' lang='lat' dir='ltr'><strong>inter·</strong></span> 
     </span>
     <span class='ocr_line' id='line_1_30' title="bbox 170 2518 1079 2588; baseline 0.007 -17"><span class='ocrx_word' id='word_1_217' title='bbox 170 2522 256 2588; x_wconf 85' lang='lat' dir='ltr'><strong>polata</strong></span> <span class='ocrx_word' id='word_1_218' title='bbox 274 2518 351 2567; x_wconf 87' lang='lat' dir='ltr'><strong>verba</strong></span> <span class='ocrx_word' id='word_1_219' title='bbox 366 2519 413 2579; x_wconf 84' lang='lat' dir='ltr'><strong>Qui</strong></span> <span class='ocrx_word' id='word_1_220' title='bbox 428 2527 514 2570; x_wconf 82' lang='lat' dir='ltr'><strong>tantae</strong></span> <span class='ocrx_word' id='word_1_221' title='bbox 534 2523 642 2572; x_wconf 79' lang='lat' dir='ltr'><strong>levitatis</strong></span> <span class='ocrx_word' id='word_1_222' title='bbox 661 2530 687 2571; x_wconf 86' lang='lat' dir='ltr'><strong>et</strong></span> <span class='ocrx_word' id='word_1_223' title='bbox 701 2524 876 2573; x_wconf 78' lang='lat' dir='ltr'><strong>immoderatae</strong></span> <span class='ocrx_word' id='word_1_224' title='bbox 893 2525 997 2587; x_wconf 73' lang='lat' dir='ltr'><strong>lirrpuce</strong></span> <span class='ocrx_word' id='word_1_225' title='bbox 1018 2526 1079 2587; x_wconf 69' lang='grc' dir='ltr'><strong>Μ.</strong></span> 
     </span>
     <span class='ocr_line' id='line_1_31' title="bbox 172 2587 1139 2661; baseline 0.006 -23"><span class='ocrx_word' id='word_1_226' title='bbox 172 2592 205 2638; x_wconf 83' lang='lat' dir='ltr'><strong>At</strong></span> <span class='ocrx_word' id='word_1_227' title='bbox 228 2588 317 2636; x_wconf 89' lang='lat' dir='ltr'><strong>eadem</strong></span> <span class='ocrx_word' id='word_1_228' title='bbox 342 2587 420 2635; x_wconf 84' lang='lat' dir='ltr'><strong>verbe</strong></span> <span class='ocrx_word' id='word_1_229' title='bbox 441 2587 613 2641; x_wconf 90' lang='lat' dir='ltr'><strong>Berolinensis</strong></span> <span class='ocrx_word' id='word_1_230' title='bbox 638 2605 737 2656; x_wconf 88' lang='lat' dir='ltr'><strong>qnoque</strong></span> <span class='ocrx_word' id='word_1_231' title='bbox 761 2593 825 2641; x_wconf 89' lang='lat' dir='ltr'><strong>liber</strong></span> <span class='ocrx_word' id='word_1_232' title='bbox 848 2591 937 2651; x_wconf 89' lang='lat' dir='ltr'><strong>habet;</strong></span> <span class='ocrx_word' id='word_1_233' title='bbox 959 2600 986 2642; x_wconf 87' lang='lat' dir='ltr'><strong>et</strong></span> <span class='ocrx_word' id='word_1_234' title='bbox 1015 2592 1080 2644; x_wconf 87' lang='lat' dir='ltr'><strong>haee</strong></span> <span class='ocrx_word' id='word_1_235' title='bbox 1138 2654 1139 2661; x_wconf 8' lang='grc' dir='ltr'>ἵ</span> 
     </span>
     <span class='ocr_line' id='line_1_32' title="bbox 171 2654 1079 2728; baseline 0.004 -20"><span class='ocrx_word' id='word_1_236' title='bbox 171 2665 237 2708; x_wconf 83' lang='lat' dir='ltr'><strong>certe</strong></span> <span class='ocrx_word' id='word_1_237' title='bbox 253 2671 278 2720; x_wconf 93' lang='lat' dir='ltr'><strong>p.</strong></span> <span class='ocrx_word' id='word_1_238' title='bbox 294 2654 359 2715; x_wconf 84' lang='grc'>299,</span> <span class='ocrx_word' id='word_1_239' title='bbox 376 2656 408 2705; x_wconf 81' lang='lat'><strong>12</strong></span> <span class='ocrx_word' id='word_1_240' title='bbox 427 2656 466 2706; x_wconf 92' lang='lat' dir='ltr'><strong>M.</strong></span> <span class='ocrx_word' id='word_1_241' title='bbox 483 2658 604 2709; x_wconf 82' lang='lat' dir='ltr'><strong>Ancaeus</strong></span> <span class='ocrx_word' id='word_1_242' title='bbox 621 2661 739 2709; x_wconf 68' lang='lat' dir='ltr'><strong>teranto</strong></span> <span class='ocrx_word' id='word_1_243' title='bbox 757 2661 936 2720; x_wconf 72' lang='lat' dir='ltr'><strong>Cordubensis,</strong></span> <span class='ocrx_word' id='word_1_244' title='bbox 956 2660 991 2711; x_wconf 86' lang='lat'><strong>21</strong></span> <span class='ocrx_word' id='word_1_245' title='bbox 1011 2666 1079 2728; x_wconf 76' lang='lat' dir='ltr'><strong>ruri,</strong></span> 
     </span>
     <span class='ocr_line' id='line_1_33' title="bbox 170 2722 1078 2793; baseline 0.013 -19"><span class='ocrx_word' id='word_1_246' title='bbox 170 2741 197 2793; x_wconf 91' lang='lat' dir='ltr'><strong>p.</strong></span> <span class='ocrx_word' id='word_1_247' title='bbox 214 2722 274 2785; x_wconf 89' lang='grc'>300,</span> <span class='ocrx_word' id='word_1_248' title='bbox 292 2724 306 2772; x_wconf 93' lang='lat'>1</span> <span class='ocrx_word' id='word_1_249' title='bbox 320 2726 484 2787; x_wconf 72' lang='lat' dir='ltr'><strong>parricidam,</strong></span> <span class='ocrx_word' id='word_1_250' title='bbox 502 2726 518 2778; x_wconf 89' lang='grc'>3</span> <span class='ocrx_word' id='word_1_251' title='bbox 534 2731 595 2789; x_wconf 83' lang='lat' dir='ltr'><strong>scir,</strong></span> <span class='ocrx_word' id='word_1_252' title='bbox 611 2729 627 2778; x_wconf 84' lang='lat'>5</span> <span class='ocrx_word' id='word_1_253' title='bbox 646 2745 702 2792; x_wconf 87' lang='lat' dir='ltr'><strong>sqq.</strong></span> <span class='ocrx_word' id='word_1_254' title='bbox 731 2730 852 2781; x_wconf 77' lang='lat' dir='ltr'><strong>Poemalo</strong></span> <span class='ocrx_word' id='word_1_255' title='bbox 867 2732 939 2780; x_wconf 83' lang='lat' dir='ltr'><strong>etiem</strong></span> <span class='ocrx_word' id='word_1_256' title='bbox 954 2732 1013 2782; x_wconf 78' lang='lat' dir='ltr'><strong>eiua</strong></span> <span class='ocrx_word' id='word_1_257' title='bbox 1028 2740 1078 2786; x_wconf 86' lang='lat' dir='ltr'><strong>etc.</strong></span> 
     </span>
     <span class='ocr_line' id='line_1_34' title="bbox 170 2794 1079 2864; baseline 0.01 -20"><span class='ocrx_word' id='word_1_258' title='bbox 170 2794 256 2856; x_wconf 89' lang='lat' dir='ltr'><strong>utique</strong></span> <span class='ocrx_word' id='word_1_259' title='bbox 281 2794 425 2859; x_wconf 85' lang='lat' dir='ltr'><strong>inscriptis</strong></span> <span class='ocrx_word' id='word_1_260' title='bbox 448 2796 518 2846; x_wconf 90' lang='lat' dir='ltr'><strong>libris</strong></span> <span class='ocrx_word' id='word_1_261' title='bbox 536 2805 649 2863; x_wconf 84' lang='lat' dir='ltr'><strong>reperta,</strong></span> <span class='ocrx_word' id='word_1_262' title='bbox 673 2812 746 2847; x_wconf 90' lang='lat' dir='ltr'><strong>nemo</strong></span> <span class='ocrx_word' id='word_1_263' title='bbox 768 2798 913 2864; x_wconf 70' lang='lat' dir='ltr'><strong>typothetae</strong></span> <span class='ocrx_word' id='word_1_264' title='bbox 935 2800 1079 2853; x_wconf 79' lang='lat' dir='ltr'><strong>tradiderat</strong></span> 
     </span>
     <span class='ocr_line' id='line_1_35' title="bbox 169 2860 1077 2932; baseline 0.011 -19"><span class='ocrx_word' id='word_1_265' title='bbox 169 2870 228 2913; x_wconf 86' lang='lat' dir='ltr'><strong>ante</strong></span> <span class='ocrx_word' id='word_1_266' title='bbox 243 2860 427 2912; x_wconf 86' lang='lat' dir='ltr'><strong>Ceseubcnum.</strong></span> <span class='ocrx_word' id='word_1_267' title='bbox 464 2864 584 2915; x_wconf 90' lang='lat' dir='ltr'><strong>Dubitare</strong></span> <span class='ocrx_word' id='word_1_268' title='bbox 602 2867 680 2932; x_wconf 87' lang='lat' dir='ltr'><strong>igitur</strong></span> <span class='ocrx_word' id='word_1_269' title='bbox 694 2867 747 2917; x_wconf 91' lang='lat' dir='ltr'><strong>noli</strong></span> <span class='ocrx_word' id='word_1_270' title='bbox 765 2867 824 2931; x_wconf 92' lang='lat' dir='ltr'><strong>quin</strong></span> <span class='ocrx_word' id='word_1_271' title='bbox 840 2868 926 2917; x_wconf 89' lang='lat' dir='ltr'><strong>codice</strong></span> <span class='ocrx_word' id='word_1_272' title='bbox 942 2881 993 2922; x_wconf 86' lang='lat' dir='ltr'><strong>ms.</strong></span> <span class='ocrx_word' id='word_1_273' title='bbox 1009 2869 1077 2922; x_wconf 69' lang='lat' dir='ltr'><strong>ears</strong></span> 
     </span>
     <span class='ocr_line' id='line_1_36' title="bbox 169 2932 1079 3003; baseline 0.008 -20"><span class='ocrx_word' id='word_1_274' title='bbox 169 2940 239 2983; x_wconf 87' lang='lat' dir='ltr'><strong>teras</strong></span> <span class='ocrx_word' id='word_1_275' title='bbox 256 2945 319 2981; x_wconf 88' lang='lat' dir='ltr'><strong>usus</strong></span> <span class='ocrx_word' id='word_1_276' title='bbox 337 2932 384 2992; x_wconf 90' lang='lat' dir='ltr'><strong>sit,</strong></span> <span class='ocrx_word' id='word_1_277' title='bbox 404 2940 427 2981; x_wconf 92' lang='lat' dir='ltr'><strong>et</strong></span> <span class='ocrx_word' id='word_1_278' title='bbox 445 2933 488 2982; x_wconf 89' lang='lat' dir='ltr'><strong>tali</strong></span> <span class='ocrx_word' id='word_1_279' title='bbox 507 2934 608 2996; x_wconf 90' lang='lat' dir='ltr'><strong>quidem</strong></span> <span class='ocrx_word' id='word_1_280' title='bbox 627 2935 670 2998; x_wconf 88' lang='lat' dir='ltr'><strong>qui</strong></span> <span class='ocrx_word' id='word_1_281' title='bbox 687 2935 882 2986; x_wconf 88' lang='lat' dir='ltr'><strong>adBernensem</strong></span> <span class='ocrx_word' id='word_1_282' title='bbox 899 2936 934 2987; x_wconf 78' lang='lat'><strong>45</strong></span> <span class='ocrx_word' id='word_1_283' title='bbox 955 2939 1079 3003; x_wconf 85' lang='lat' dir='ltr'><strong>proxime</strong></span> 
     </span>
     <span class='ocr_line' id='line_1_37' title="bbox 169 2997 1079 3071; baseline 0.011 -20"><span class='ocrx_word' id='word_1_284' title='bbox 169 2997 317 3059; x_wconf 81' lang='lat' dir='ltr'><strong>accedebat,</strong></span> <span class='ocrx_word' id='word_1_285' title='bbox 334 2999 380 3049; x_wconf 85' lang='lat' dir='ltr'><strong>eir.</strong></span> <span class='ocrx_word' id='word_1_286' title='bbox 397 3016 422 3065; x_wconf 93' lang='lat' dir='ltr'><strong>p.</strong></span> <span class='ocrx_word' id='word_1_287' title='bbox 441 3001 501 3062; x_wconf 81' lang='grc'>209,</span> <span class='ocrx_word' id='word_1_288' title='bbox 518 3001 552 3052; x_wconf 85' lang='grc'><strong>20</strong></span> <span class='ocrx_word' id='word_1_289' title='bbox 569 3003 619 3052; x_wconf 83' lang='lat' dir='ltr'><strong>Hic</strong></span> <span class='ocrx_word' id='word_1_290' title='bbox 636 3007 662 3054; x_wconf 85' lang='lat' dir='ltr'><strong>ic</strong></span> <span class='ocrx_word' id='word_1_291' title='bbox 679 3006 764 3067; x_wconf 78' lang='lat' dir='ltr'><strong>initio,</strong></span> <span class='ocrx_word' id='word_1_292' title='bbox 788 3007 819 3056; x_wconf 86' lang='lat'><strong>21</strong></span> <span class='ocrx_word' id='word_1_293' title='bbox 836 3007 916 3070; x_wconf 75' lang='lat' dir='ltr'><strong>torpe,</strong></span> <span class='ocrx_word' id='word_1_294' title='bbox 930 3019 957 3071; x_wconf 86' lang='lat' dir='ltr'><strong>p.</strong></span> <span class='ocrx_word' id='word_1_295' title='bbox 976 3004 1043 3070; x_wconf 82' lang='lat'>300,</span> <span class='ocrx_word' id='word_1_296' title='bbox 1060 3010 1079 3060; x_wconf 80' lang='lat'><strong>2</strong></span> 
     </span>
     <span class='ocr_line' id='line_1_38' title="bbox 168 3067 577 3128; baseline 0.012 -12"><span class='ocrx_word' id='word_1_297' title='bbox 168 3067 379 3128; x_wconf 66' lang='lat' dir='ltr'><strong>macerrimo,</strong></span> <span class='ocrx_word' id='word_1_298' title='bbox 401 3069 417 3118; x_wconf 83' lang='lat'>5</span> <span class='ocrx_word' id='word_1_299' title='bbox 431 3072 504 3118; x_wconf 83' lang='lat' dir='ltr'><strong>etiam</strong></span> <span class='ocrx_word' id='word_1_300' title='bbox 516 3073 577 3122; x_wconf 76' lang='lat' dir='ltr'><strong>etur.</strong></span> 
     </span>
    </p>

    <p class='ocr_par' dir='ltr' id='par_1_7' title="bbox 169 3133 1079 3398">
     <span class='ocr_line' id='line_1_39' title="bbox 237 3133 1077 3208; baseline 0.015 -24"><span class='ocrx_word' id='word_1_301' title='bbox 237 3133 282 3197; x_wconf 83' lang='grc'><strong>80)</strong></span> <span class='ocrx_word' id='word_1_302' title='bbox 300 3135 411 3186; x_wconf 90' lang='lat' dir='ltr'><strong>Primum</strong></span> <span class='ocrx_word' id='word_1_303' title='bbox 427 3138 460 3186; x_wconf 88' lang='lat' dir='ltr'><strong>ad</strong></span> <span class='ocrx_word' id='word_1_304' title='bbox 471 3148 569 3190; x_wconf 86' lang='lat' dir='ltr'><strong>vetusta</strong></span> <span class='ocrx_word' id='word_1_305' title='bbox 584 3142 700 3208; x_wconf 88' lang='lat' dir='ltr'><strong>exempla</strong></span> <span class='ocrx_word' id='word_1_306' title='bbox 713 3143 851 3194; x_wconf 86' lang='lat' dir='ltr'><strong>accessisse</strong></span> <span class='ocrx_word' id='word_1_307' title='bbox 860 3143 997 3208; x_wconf 79' lang='lat' dir='ltr'><strong>Hugonem</strong></span> <span class='ocrx_word' id='word_1_308' title='bbox 1010 3143 1077 3196; x_wconf 78' lang='lat' dir='ltr'><strong>Gro-</strong></span> 
     </span>
     <span class='ocr_line' id='line_1_40' title="bbox 169 3204 1079 3268; baseline 0.009 -12"><span class='ocrx_word' id='word_1_309' title='bbox 169 3204 233 3256; x_wconf 83' lang='lat' dir='ltr'><strong>llam</strong></span> <span class='ocrx_word' id='word_1_310' title='bbox 250 3204 332 3262; x_wconf 87' lang='lat' dir='ltr'><strong>video,</strong></span> <span class='ocrx_word' id='word_1_311' title='bbox 353 3205 396 3268; x_wconf 90' lang='lat' dir='ltr'><strong>qui</strong></span> <span class='ocrx_word' id='word_1_312' title='bbox 417 3207 444 3255; x_wconf 92' lang='lat' dir='ltr'><strong>in</strong></span> <span class='ocrx_word' id='word_1_313' title='bbox 459 3222 506 3256; x_wconf 90' lang='lat' dir='ltr'><strong>sua</strong></span> <span class='ocrx_word' id='word_1_314' title='bbox 523 3209 632 3260; x_wconf 88' lang='lat' dir='ltr'><strong>editione</strong></span> <span class='ocrx_word' id='word_1_315' title='bbox 648 3226 672 3260; x_wconf 89' lang='lat' dir='ltr'><strong>a.</strong></span> <span class='ocrx_word' id='word_1_316' title='bbox 695 3211 762 3262; x_wconf 83' lang='lat'>1614</span> <span class='ocrx_word' id='word_1_317' title='bbox 782 3211 874 3260; x_wconf 89' lang='lat' dir='ltr'><strong>emissa</strong></span> <span class='ocrx_word' id='word_1_318' title='bbox 893 3210 1079 3263; x_wconf 76' lang='lat' dir='ltr'><strong>casaubonum</strong></span> 
     </span>
     <span class='ocr_line' id='line_1_41' title="bbox 169 3272 1079 3343; baseline 0.01 -18"><span class='ocrx_word' id='word_1_319' title='bbox 169 3272 283 3337; x_wconf 78' lang='lat' dir='ltr'><strong>alloquin</strong></span> <span class='ocrx_word' id='word_1_320' title='bbox 301 3272 429 3337; x_wconf 83' lang='lat' dir='ltr'><strong>referens,</strong></span> <span class='ocrx_word' id='word_1_321' title='bbox 455 3277 527 3326; x_wconf 87' lang='lat' dir='ltr'><strong>urreis</strong></span> <span class='ocrx_word' id='word_1_322' title='bbox 551 3293 581 3327; x_wconf 89' lang='lat' dir='ltr'><strong>ea</strong></span> <span class='ocrx_word' id='word_1_323' title='bbox 598 3280 698 3330; x_wconf 88' lang='lat' dir='ltr'><strong>inclusit</strong></span> <span class='ocrx_word' id='word_1_324' title='bbox 716 3293 781 3343; x_wconf 88' lang='lat' dir='ltr'><strong>quae</strong></span> <span class='ocrx_word' id='word_1_325' title='bbox 799 3278 829 3326; x_wconf 92' lang='lat' dir='ltr'><strong>ab</strong></span> <span class='ocrx_word' id='word_1_326' title='bbox 848 3279 957 3342; x_wconf 87' lang='lat' dir='ltr'><strong>antiquis</strong></span> <span class='ocrx_word' id='word_1_327' title='bbox 977 3281 1079 3334; x_wconf 82' lang='lat' dir='ltr'><strong>editio·</strong></span> 
     </span>
     <span class='ocr_line' id='line_1_42' title="bbox 169 3342 584 3398; baseline 0.005 -3"><span class='ocrx_word' id='word_1_328' title='bbox 169 3342 244 3395; x_wconf 85' lang='lat' dir='ltr'><strong>nibus</strong></span> <span class='ocrx_word' id='word_1_329' title='bbox 260 3343 349 3393; x_wconf 91' lang='lat' dir='ltr'><strong>abesse</strong></span> <span class='ocrx_word' id='word_1_330' title='bbox 365 3343 584 3398; x_wconf 88' lang='lat' dir='ltr'><strong>animadverteret.</strong></span> 
     </span>
    </p>
   </div>
   <div class='ocr_carea' id='block_1_4' title="bbox 0 0 1148 3862">
    <p class='ocr_par' dir='ltr' id='par_1_8' title="bbox 0 0 1148 3862">
     <span class='ocr_line' id='line_1_43' title="bbox 0 0 1148 3862; baseline 0 2"><span class='ocrx_word' id='word_1_331' title='bbox 0 0 1148 3862; x_wconf 95' lang='lat' dir='ltr'><strong> </strong></span> 
     </span>
    </p>
   </div>
  </div>
 </body>
</html>
