2334 3870
241 173 521 226 υενοοοιυοιιυιτ
541 173 724 222 mmmm
741 172 944 235 umqum.
1034 163 1100 224 277

248 318 384 413 βέβληκ’
398 316 565 426 Ἀχιλλεύς
582 319 644 389 δύο
646 319 756 426 κύβω
771 321 828 388 καὶ
841 323 980 406 τέτταρα

97 410 259 514 καὶὲξής·
284 408 374 493 λέγει
396 400 463 513 γάρ
484 401 547 471 δύο
567 402 718 490 μονάδας
738 405 797 473 καὶ
811 406 965 508 τέτταρα.
991 411 1099 476 ἔκειτο

99 488 163 561 δ’
146 519 164 561 ο
179 499 233 560 στί
230 518 287 578 γος
300 435 343 559 66
351 515 397 582 τω
383 489 600 596 Εὐριπίδου
613 491 759 592 Τηλέφφ
780 484 846 556 σύν
860 431 974 568 ἄλλοις
986 494 1101 579 ἰαμβι-

100 591 179 662 κοῖς,
195 583 281 645 ἔνθα
295 558 504 681 κυβεύοντας
517 568 596 678 τούς
607 568 720 660 ἥρωας
724 555 901 678 εἰσήγαγε.
916 598 994 658 περι

74 664 150 775 566,
177 681 298 769 φήσιν,
323 658 405 726 ὅλον
429 658 536 724 ἐκεῖνο
556 681 595 723 το
621 654 840 761 ἐπεισόδιον,
855 661 1102 742 χλευασθος

97 746 146 811 ἐπ’
171 741 277 893 αύτῷί
280 745 343 808 τού
356 738 550 843 ποιήματος.
576 740 678 833 Λέγει
691 735 759 807 66‘
742 765 761 808 ο
775 743 880 809 ταῦτα
894 737 1103 827 παραδιδούς

97 822 196 895 καὶ
172 853 217 904 ως
237 814 277 893 oc
292 852 346 931 τή
317 828 469 915 παιδιιῖ
486 821 590 912 ταύτῃ
610 849 775 910 γρωμενοι
796 819 861 892 άπὸ
882 828 950 929 τῶν
973 827 1012 893 ἐν
1031 838 1103 903 τοῖς

98 909 215 1011 κύβοις
239 907 415 1015 τρημάτων
439 921 634 1034 τρήματῑται
658 907 830 1038 ἐλέγοντο,
858 908 1020 995 παράγων
1045 909 1102 978 παλ

97 998 216 1081 χρήσιν
228 993 416 1097 Σώφρονος
428 1019 485 1096 το

59 1103 88 1143 ιο
247 1076 429 1183 δειπνήσας
445 1071 613 1181 ὠστίζεται
627 1090 697 1151 τοῖς
710 1028 1017 1181 τρηματιζύντεσσι·

97 1157 192 1229 καὶ”
173 1188 223 1229 οτι
238 1161 404 1244 ἑσπούδαζ
388 1169 457 1244 ζετο
478 1187 500 1247 6
489 1155 615 1246 κυβεί
614 1186 635 1226 α
650 1155 693 1226 ού
706 1159 815 1264 μόνον
829 1154 919 1264 παρά
933 1166 1101 1269 Σικελοῖς,

99 1241 182 1311 άλλά
195 1241 269 1312 κάλ’
262 1252 471 1349 Αθηγαίοις,
486 1251 521 1311 οἳ
531 1245 663 1311 καλί
597 1247 663 1310 ἑνί
662 1258 750 1331 εροῖς
748 1238 1034 1357 4³6⁰‘3‘5W-
1020 1245 1102 1312 666-

98 1332 220 1412 βευον,
238 1326 294 1393 καὶ
283 1327 448 1430 μάλιστα
466 1329 562 1392 ἐν
517 1352 562 1414 τφ
576 1332 633 1411 τῆς
648 1325 816 1429 Σκιράδος
826 1331 967 1428 Αδηγάς
987 1354 1034 1419 τφ
1019 1329 1102 1396 ἑπλ

100 1416 222 1516 σκίρφ,
237 1404 292 1495 ἀφ’
314 1435 356 1513 06
342 1397 482 1475 τ’καὶ
445 1432 486 1473 τα
500 1393 584 1473 ἄλλα
598 1408 800 1515 κυβευτήρια
821 1409 1012 1511 σκιράφεια
1009 1398 1102 1512 ¹666-

64 1519 89 1558 15
99 1493 232 1579 μάζετο·
264 1480 353 1573 ἐξ
326 1517 374 1558 ων
400 1490 456 1558 καὶ
481 1487 589 1556 πάντα
612 1494 652 1555 τὰ
673 1490 934 1574 πανουργήματα
962 1488 1017 1557 διά
1035 1490 1103 1598 τήν

100 1581 137 1644 ἐν
164 1581 370 1665 σκιραφείοις
392 1577 613 1664 ῥᾳδιουργίαν
636 1577 794 1658 σκίραφοι
818 1573 1009 1642 ἐκαλούντο.
1035 1570 1103 1643 Ἱπ-

100 1660 227 1742 πιύναξ·

251 1750 285 1813 τί
295 1770 337 1831 με
352 1741 529 1831 σκιράφοις
543 1737 743 1823 άτιτάλλεις;

96 1835 305 1933 Πεπρίηνται
320 1829 373 1913 δέ,
398 1846 498 1931 φησι,
523 1828 579 1927 καλ
592 1825 775 1933 προστάται
795 1829 857 1895 τού
873 1823 961 1895 οὕτω
976 1831 1103 1908 παίζειν

63 1940 91 1981 εο
96 1908 212 1998 Ερμῆς
225 1913 281 1980 καὶ
293 1881 383 1995 Πάύ,
399 1907 491 1978 καθά
488 1914 561 2014 τής
575 1914 736 2015 μουσικῆς
746 1905 918 1980 Ἀπόλλων
933 1910 989 1979 καλ
1001 1914 1104 1980 Μού-

102 2013 167 2062 σαι.
209 1991 295 2072 Τούς
314 1993 351 2060 δὲ
372 1990 516 2071 πεσσούς
540 1998 628 2081 λέγει
649 1993 784 2103 ψήφους
805 1996 890 2064 εἶναι
909 1997 1024 2104 πέντε,
1051 1990 1103 2076 αἷς

102 2078 155 2144 ἐπὶ
181 2079 280 2144 πέντε
308 2080 468 2183 γραμμῶν
492 2083 625 2179 ἔπαιζον
641 2080 870 2185 ἑκατέρωθεν,
893 2081 985 2148 ίνα’
964 2098 1103 2160 εκαστος

101 2164 169 2228 τῶν
184 2159 415 2230 πεττευόντων
428 2167 484 2265 ἔχῃ
498 2157 556 2238 τάς
571 2157 649 2228 καθ’
667 2163 797 2231 εαυτόν
812 2166 1025 2270 Σοφοκλής·

267 2246 322 2312 καὶ
336 2241 444 2312 πεσσά
458 2243 695 2355 πεντάγραμμα
708 2246 764 2313 καὶ
778 2245 893 2333 κύβων
908 2254 1017 2354 βολαί.

64 2335 324 2436 ειΠαρετείνετο
340 2331 392 2413 δέ,
418 2347 517 2436 φησι,
533 2333 577 2396 δι’
594 2333 704 2397 αὐτῶν
720 2329 868 2418 καλμίση
884 2358 971 2420 γραμ
1009 2325 1104 2438 ’,ήν

102 2413 196 2496 ίερδιν
210 2381 396 2518 ὠνόμαζον,
418 2410 486 2518 (ὡς
493 2380 648 2517 ἀνωτέρω
673 2418 843 2518 δηλοῦται)
865 2416 934 2484 ἐπεὶ
1000 2417 1104 2485 νικύ-

101 2521 201 2581 μενος
217 2492 269 2562 ἐπ’
287 2464 486 2608 6666566'
445 2493 550 2584 αυτήν
564 2501 656 2565 ἵεται.
682 2493 765 2565 ὅθεν
780 2501 835 2567 καὶ
851 2507 1026 2610 παροιμία·
1049 2527 1105 2570 κι-

100 2592 175 2646 νειν
197 2576 258 2648 τὸν
277 2576 325 2666 άφ
329 2581 459 2689 ’ίερᾶς,
480 2587 582 2649 λίδον
603 2580 746 2669 δηλαδή,
773 2585 827 2653 ἐπὶ
856 2588 922 2652 τῶν
950 2580 1104 2672 άπεγνω-

102 2665 234 2749 σμίυωυ
251 2664 337 2731 καὶέ
321 2666 473 2773 ἐσχάτης
472 2672 641 2770 βοηθείας
658 2669 840 2820 656666616
867 2667 1040 2770 Σωφρων·

65 2783 108 2853 ιο
255 2747 380 2854 κινήσω
410 2743 446 2816 6'
458 2746 521 2837 666
536 2751 592 2817 καὶ
607 2750 734 2820 καὶτὸν
749 2749 803 2839 ἀφ’
825 2756 930 2841 ίεράς·

99 2824 249 2909 Ἀλκαιος
264 2835 302 2899 δέ
315 2852 418 2919 φησιν
433 2835 470 2901 ἐκ
488 2833 677 2940 πλήρους·

506 2923 571 2984 νύν
586 2915 617 2986 δ’
635 2907 733 2998 οὗτος
748 2921 914 3022 ξπικρετεῐ

253 2999 395 3109 κινήσας
405 2996 465 3069 τόν
479 2997 525 3069 άπ
527 2997 627 3088 ’ίράς
642 2999 786 3107 πυκιγδν
802 3009 912 3072 λίθον.

106 3086 269 3152 Τοιοῦτον
284 3083 320 3152 δὲ
343 3085 398 3152 καὶ
394 3081 502 3192 πριρά
521 3091 703 3191 Θεοκρίτφ
703 3085 756 3154 τό·

65 3192 92 3232 ³5
309 3165 368 3237 τὸν
383 3165 448 3236 άπὸ
463 3173 614 3272 γραμμάς
628 3168 753 3272 κινήσω
767 3176 878 3240 λίβον.

99 3249 280 3338 Διοδώρου
296 3255 334 3320 66
340 3272 462 3358 ,φησι
478 3278 538 3359 506
525 3259 654 3338 Μεγ
611 3279 753 3323 νοικου
739 3251 992 3361 ἐναγοντος
959 3282 1018 3325 τον
1032 3280 1094 3327 τοι·

101 3339 204 3403 οὖτον
229 3341 331 3402 λίθον
363 3342 408 3414 είς
392 3333 604 3446 ςὸμοιότήτο
633 3342 692 3474 6⁹9
716 3365 782 3407 των
795 3336 936 3442 άστρωυ
960 3345 1096 3429 χορείας

98 3420 311 3497 mame
312 3424 470 3482 οἴετίυτ
465 3429 645 3482 ειυυσ.-ί
694 3442 771 3482 mna·
807 3426 1094 3482 ιιλιιτιιιλιί
