2334 3870
484 179 692 227 PRAEFATIO.
894 178 1030 225 LXXXIX

133 347 305 412 opportunus
323 340 417 396 evenit
434 340 592 411 Tranquillo
609 341 653 396 vel
675 339 755 395 nobis
775 340 859 394 vitam
874 357 901 411 p.
917 346 985 409 300,
1002 344 1035 399 29

135 425 248 480 relatam
269 425 294 479 ei
317 424 424 479 auctori
441 424 644 480 adserentibus.
689 423 875 493 Hieronymus
897 424 968 477 enim
987 423 1035 478 ad-

135 525 230 563 versus
251 508 425 578 scaligerum
443 507 632 562 Casaubonum
648 508 811 563 Salmasium
824 506 971 576 Vossium‚
989 506 1035 578 qni

133 592 165 647 ab
183 591 312 663 imperito
327 590 439 645 homine
455 591 568 646 saeculo
584 591 621 645 vl
636 591 710 646 illam
729 592 812 647 vitam
827 591 958 661 scriptam
974 590 1036 661 opi-

131 676 188 730 nati
204 681 278 743 sunt,
298 690 350 745 pro
365 673 526 744 Tranquillo
542 689 663 744 sponsor
677 676 872 746 producendus
887 682 936 729 est.
983 673 1035 739 oui

133 759 186 812 nisi
208 758 280 828 apud
298 759 399 812 bouum
420 757 541 826 aliquem
557 763 696 811 auctorem
716 758 870 814 invenisset
891 759 1035 830 seriptum,

130 840 248 894 Plinium
280 832 697 895 Secundum'llovocomensem
726 841 886 897 historicum
915 842 1036 914 perisse,

132 924 194 977 dum
206 924 311 978 viseret
328 925 492 979 Vesuvium:
516 929 593 978 certe
614 923 642 977 in
658 924 718 978 eius
736 925 808 978 modi
824 925 990 981 oblivionem
1007 931 1035 980 et

130 1006 394 1062 inconsiderantiam
409 1024 463 1062 nou
478 1006 654 1076 incurrisset,
669 1013 699 1061 ut
714 1009 749 1062 ad
763 1012 831 1067 a.79
845 1015 962 1061 montem
976 1010 1033 1063 Ve-

129 1090 237 1144 suvium
258 1091 396 1145 scriberet
412 1092 545 1160 regiones
562 1091 670 1146 vicinas
690 1098 718 1146 et
732 1092 817 1146 urbes
839 1107 899 1146 cum
916 1091 1034 1145 bomini-

127 1173 179 1228 bus
196 1175 349 1243 exussisse,
368 1181 396 1228 et
410 1175 485 1229 XXX
503 1174 582 1230 annis
601 1182 666 1246 post
683 1192 763 1230 unum
776 1176 810 1230 de
827 1175 863 1230 iis
877 1173 1035 1229 bominibus

129 1258 254 1312 traderet
269 1258 408 1328 insignem
429 1258 552 1314 hobitum
570 1275 634 1314 esse
649 1260 822 1316 historicum.
869 1258 964 1313 Deleri
983 1275 1034 1314 vo-

129 1341 188 1393 lunt
203 1343 289 1396 verba
303 1341 406 1411 ‘periit
421 1342 483 1395 dum
496 1342 563 1395 visit
576 1342 742 1398 Vesuvium'
760 1347 793 1399 ab
810 1343 937 1400 omuibus
953 1341 1033 1397 libris

131 1423 410 1492 chronographisque
425 1429 544 1490 servata,
562 1425 612 1478 sed
627 1441 662 1478 ne
677 1427 866 1480 ‘historicus'
884 1426 988 1494 quidem
1004 1425 1033 1479 in

131 1503 264 1558 minorem
287 1503 402 1556 Plinium
426 1499 607 1576 convenitffi).
650 1506 724 1560 Falsi
745 1497 871 1575 arguunt‘
885 1509 913 1560 in
929 1507 1034 1560 maiore

132 1583 403 1642 ‘Novocomensem’
426 1587 558 1658 patriam,
586 1588 636 1642 sed
649 1589 779 1643 Veronae
804 1605 872 1643 suae
893 1593 1035 1643 auctorem

131 1686 185 1724 non
210 1671 313 1726 babent
336 1677 382 1725 aut
403 1671 585 1726 vetustiorem
609 1679 655 1727 out
676 1671 825 1727 certiorem
846 1669 1034 1726 Mausiouaric

129 1755 295 1809 Veronensi.
341 1754 451 1810 llaneat
478 1754 563 1824 igitur
585 1756 680 1812 verbis
705 1758 738 1812 ab
764 1756 935 1824 Hieronymo
966 1760 1043 1808 tam-'

129 1854 209 1907 qnam
233 1837 321 1893 invito
338 1839 440 1910 positis
462 1856 511 1894 sua
537 1841 699 1895 auctoritas.
743 1840 780 1894 At
796 1857 875 1910 quem
893 1845 1034 1894 auctorem

129 1922 163 1981 de
186 1922 252 1976 vitis
275 1919 424 1976 illustrium
440 1923 564 1978 virorum
583 1924 680 1978 habuit
697 1931 811 1994 praeter
827 1914 1035 1994 Tranquillum?

192 2004 249 2059 Sed
265 2011 295 2058 ut
311 2005 449 2060 mittamus
464 2006 676 2076 Hieronymum,
700 2007 762 2079 ipsa
780 2007 860 2063 Plinii
884 2007 941 2062 vita
964 2006 1032 2060 nibil

130 2103 197 2141 sane
219 2087 375 2157 habetque
393 2088 555 2144 Suetonium
577 2098 719 2145 auctorem
742 2098 899 2163 suspectum
922 2091 1029 2145 reddat.

129 2169 282 2240 Inscriptus
312 2177 356 2224 est
380 2172 476 2225 titulus
502 2173 562 2227 ‘Ex
586 2175 716 2243 catalogo
737 2175 858 2229 virorum
882 2174 1031 2229 illustrium

130 2253 301 2323 Tranquilli'
323 2259 371 2309 aut
388 2254 559 2310 ‘Suetonius
575 2256 751 2327 Tranquillus
768 2259 796 2312 in
814 2259 888 2313 libro
906 2258 941 2311 de
961 2257 1030 2311 viris

128 2337 315 2407 illustribus'‚
331 2337 473 2409 reperitur
489 2338 516 2392 in
533 2339 624 2394 multis
641 2341 784 2396 codicibus
803 2348 831 2395 et
846 2342 891 2395 vel
908 2339 1031 2394 saech

129 2421 259 2491 scriptis,
280 2422 349 2475 nibil
365 2421 441 2476 inest
455 2430 551 2493 aperte
568 2423 667 2478 salsum
683 2425 881 2496 eminentem,
898 2422 1032 2477 nonnulla
1091 2469 1094 2478 .

127 2503 227 2558 tamin
248 2504 387 2576 principio
405 2522 484 2576 quam
507 2506 534 2561 iu
555 2508 608 2562 fine
624 2508 738 2580 propria
760 2515 823 2565 sunt
844 2525 877 2564 ac
898 2522 1031 2576 nusquam

127 2588 195 2643 alibi
213 2588 334 2660 scripta,
349 2589 469 2660 denique
484 2607 576 2646 sermo
592 2606 647 2647 non
664 2594 804 2648 abhorret.
849 2591 884 2646 Et
898 2588 1030 2645 debuisse

124 2672 223 2742 utique
240 2671 269 2727 in
286 2672 445 2728 illustribus
462 2673 533 2729 viris
555 2676 646 2729 locum
661 2675 750 2731 Plinio
767 2673 923 2746 assignari,
943 2671 1030 2727 nemi-

128 2772 188 2809 uem
204 2751 324 2827 latetffl).

195 2947 242 3009 85)
251 2950 315 3000 Eum
327 2968 426 3017 quoque
436 2953 583 3004 historicum
596 2955 676 3005 luisse
687 2957 860 3006 demonstrare
870 2957 923 3005 vult
931 2956 1030 3006 Vallen-

128 3018 182 3066 sius
195 3017 228 3066 ad
239 3034 296 3067 eum
311 3021 392 3071 locum
411 3021 529 3072 chronici.
567 3023 684 3074 Ceterum
699 3037 763 3089 quos
776 3023 877 3074 codices
891 3025 958 3073 idem
969 3025 1031 3074 Val-

127 3085 218 3134 larsius
231 3086 324 3138 liberos
332 3105 388 3139 esse
398 3093 432 3140 ait
444 3091 614 3141 additamento
632 3093 684 3154 illo,
698 3092 766 3157 quod
777 3100 815 3140 est
825 3092 981 3153 deVesuvio,
998 3092 1032 3141 ti·

127 3168 182 3202 meo
200 3169 232 3203 ne
245 3158 346 3208 saeculo
358 3157 415 3210 XV.
428 3173 479 3208 non
498 3165 650 3211 vetustiores
665 3162 723 3211 sint.

195 3221 241 3286 86)
265 3226 390 3277 lntellexit
411 3227 460 3278 hoc
483 3228 647 3279 casaubonus
670 3245 784 3294 quoque,
808 3231 854 3281 sed
877 3231 941 3280 mira
963 3227 1030 3282 iudi·

124 3292 201 3341 oandi
218 3295 385 3357 perversitate
403 3297 481 3346 vitam
498 3313 523 3363 p.
541 3297 601 3357 301,
619 3299 634 3348 5
652 3300 770 3365 positum,
790 3315 866 3363 qnam
884 3298 1029 3349 Mensionc-

125 3374 179 3409 nus
197 3361 240 3409 ille
261 3360 443 3415 eSuetouianu
457 3374 481 3415 et
493 3366 567 3416 Plinii
582 3367 695 3432 epistolis
713 3367 738 3428 3,
750 3369 775 3418 5.
794 3369 819 3429 6,
833 3368 864 3419 tu
882 3377 907 3417 et
920 3368 974 3418 suis
990 3367 1029 3416 ln·

123 3429 199 3493 eptiis
218 3432 392 3492 concinnavit,
412 3435 572 3484 vetustiorem
595 3436 756 3488 existimavit.
