2286 3862
402 251 407 262 s
436 224 660 299 rnnuuurro„
862 229 986 279 xxxvn

80 383 214 452 debatur,
232 388 345 438 secutus
362 400 420 437 sum
439 399 463 438 e.
479 401 522 455 gr.
540 383 568 439 in
590 383 748 442 scribendis
766 384 880 444 Graecis
898 405 983 446 voca-

80 467 152 523 bulis
169 466 270 522 litteris
286 469 331 523 vel
350 466 464 522 Graecis
482 469 527 524 vel
543 464 697 542 Latinis²⁸).

139 551 234 605 Restat
260 557 290 605 ut
315 551 501 607 adnotationis
529 551 644 608 criticae
673 553 809 610 rationem
837 571 982 628 exponam.
1006 567 1126 611 annonae

78 634 211 690 Brevitati
229 640 259 689 ut
274 634 465 703 consulerem,
485 651 577 690 earnm
592 641 694 692 tantum
715 638 865 695 lectionum
889 645 984 697 auom·
1024 617 1105 661 ‘'¹³⁰‘'

80 717 177 773 ritates
193 717 328 789 apposui,
354 733 425 788 quae
446 718 491 772 vel
509 734 544 772 ex
566 719 646 774 libris
666 723 803 778 correctis
819 724 865 778 vel
882 739 918 778 ex
933 725 984 780 do-

81 808 187 856 ctorum
204 800 343 856 hominurn
359 800 520 858 coniectura
540 808 671 873 receptae
688 811 757 859 sunt.
804 806 882 862 Sciat
897 806 984 878 igitur

80 885 170 939 lector
185 885 280 940 harum
295 901 386 940 rernm
402 885 561 954 studiosus,
585 885 632 940 ubi
647 885 715 940 uilril
732 888 889 945 adnotatum
904 890 984 949 inve-

80 967 167 1036 nerit,
187 967 375 1024 Memmiaoum
402 968 510 1024 aliosve
526 974 638 1025 veteres
660 986 693 1025 ac
711 970 800 1026 bonos
823 971 911 1029 libros
933 991 984 1031 no-

79 1051 185 1105 biscum
203 1052 375 1116 consentire;
397 1052 443 1107 ubi
466 1051 486 1106 ii
502 1051 598 1107 vitiosi
624 1069 688 1108 esse
704 1071 737 1110 nc
755 1055 917 1111 necessario
936 1058 986 1112 de-

78 1134 191 1191 serendi
198 1135 540 1206 videbantur,nominatim
553 1135 701 1194 afferriuel
714 1136 842 1194 codicum
852 1155 926 1195 saec.
935 1138 987 1195 XV

79 1219 123 1273 vel
145 1220 316 1289 grammatici
338 1219 457 1276 alicuius
470 1202 648 1292 posterioris
670 1221 900 1278 emendationem.
944 1223 985 1281 lta

79 1304 191 1360 brevem
205 1305 341 1375 quendam
354 1304 503 1360 universae
517 1305 558 1359 rei
572 1304 688 1360 criticae
704 1312 882 1378 conspectum
898 1308 986 1365 habe-

79 1387 120 1440 bit
137 1393 165 1441 et
180 1404 235 1442 non
250 1387 339 1442 miuus
354 1388 388 1440 de
403 1387 539 1442 librorum
553 1388 678 1443 bonitate
694 1405 774 1459 qnam
791 1390 825 1446 de
841 1391 987 1448 doctorum

81 1469 220 1523 hominum
236 1486 287 1539 per
302 1474 433 1539 quattuor
450 1469 511 1522 fere
527 1470 639 1524 saecula
655 1471 762 1526 meritis
782 1472 906 1526 iudicare
922 1481 987 1544 pol-

82 1551 142 1606 erit.
188 1553 230 1606 Ab
252 1553 305 1608 hnc
324 1557 414 1607 tamen
439 1550 641 1607 consuetudine
663 1567 863 1622 nonnumquam
879 1555 907 1610 in
922 1571 988 1625 pnr-

80 1640 133 1689 lem
152 1641 180 1690 ut
195 1652 279 1707 spero
294 1635 432 1709 potiorem
448 1634 585 1704 discessi,
607 1634 646 1691 ita
661 1641 690 1689 ut
707 1641 735 1691 et
748 1636 883 1693 bonorum
899 1637 988 1694 libro-

79 1735 138 1774 rum
156 1735 235 1790 quarn
251 1725 363 1775 secutus
382 1735 456 1775 eram
474 1719 667 1775 auctoritatem
688 1720 857 1792 appellarem
876 1727 903 1776 et
920 1737 987 1777 con-

79 1800 213 1859 iecturam
229 1804 370 1874 ingeniosi
389 1803 480 1860 critici
498 1803 637 1860 nonsatis
654 1810 758 1859 certam
779 1820 830 1859 nec
846 1812 987 1878 receptam

81 1902 333 1943 commemorarem.

140 1977 222 2040 4,17
245 1971 437 2042 triumphalem
460 1971 550 2028 Vatia.
570 1971 675 2027 llemm.
700 1972 795 2032 uela.
816 1990 868 2045 pro
890 1976 987 2030 trium·

74 2055 188 2127 pbatenr
202 2057 298 2123 cirum,
315 2056 366 2110 cir.
386 2061 454 2125 187,
469 2062 494 2114 9.
512 2061 574 2125 238,
592 2061 617 2114 6.
639 2060 707 2126 248,
722 2061 740 2114 4
759 2049 764 2132 Ι
782 2062 817 2117 23
833 2059 989 2131 ᾱίρηαίίοηθ

80 2138 197 2193 Ursinus
213 2129 226 2214 ΙΙ
241 2144 272 2204 5,
289 2143 307 2195 4
327 2140 394 2192 etin
412 2137 591 2194 casaubonus
612 2156 663 2210 pro
680 2140 729 2194 sed
744 2142 773 2195 in
788 2132 802 2220 {l
817 2146 848 2212 6,
870 2147 903 2202 16
923 2143 988 2199 Am-

81 2223 182 2277 broncs
203 2218 417 2293 Oudendorpius
439 2213 453 2299 ΙΙ
473 2228 506 2292 8,
533 2231 549 2280 5
583 2222 817 2280 administratione
840 2226 986 2282 codliasil.

80 2307 149 2363 Edd.
179 2305 213 2360 ed
240 2305 475 2381 administratione
501 2304 643 2361 codCort.
673 2306 758 2364 Guell
770 2315 795 2366 1.
817 2314 842 2364 2.
873 2309 977 2367 Uernl

80 2406 132 2463 pro
167 2391 201 2445 ab
233 2392 429 2446 ministratione
470 2389 475 2461 Ι
511 2395 543 2449 19
582 2389 665 2446 Vettio
703 2392 801 2447 Iudice
833 2391 989 2464 Lambinus·

79 2474 196 2530 Ursinus
227 2464 232 2551 Ι
261 2481 295 2534 32
320 2479 489 2530 ornarentur
509 2472 653 2530 Lambinus
678 2492 729 2548 pro
753 2476 952 2532 ordinarentur
975 2467 989 2556 Η

81 2567 131 2629 10,
147 2559 216 2619 aad
235 2561 327 2631 niqinti
342 2554 524 2615 Casaubonus
539 2574 592 2629 pro
615 2574 649 2613 ac
665 2561 757 2632 uiqinti
773 2553 778 2637 i
798 2567 831 2618 15
851 2560 990 2620 inductum

80 2645 266 2715 qnendnmpr.
277 2643 390 2701 Guelil·
404 2643 512 2698 induxit
520 2641 686 2712 Stephanus.
701 2644 810 2699 induruit
822 2642 934 2698 Vettium
938 2660 987 2715 pr.

80 2727 206 2787 Ursinus.
229 2728 397 2783 subornasse
411 2727 549 2781 inductum
562 2741 609 2795 pr.
626 2727 848 2800 Oudendorpius.
872 2727 988 2783 indicem

81 2811 238 2868 subornarit
258 2811 372 2868 Vettium
393 2811 532 2866 inductum
553 2826 600 2881 pr.
620 2828 674 2882 ego
694 2803 699 2890 i
719 2818 753 2871 30
769 2813 854 2867 cuivis
868 2841 912 2853 —
929 2812 986 2870 idc-

80 2938 290 2950 Ἤ

82 3009 150 3056 beni.
174 3005 313 3059 Addendus
327 3016 364 3059 est
375 3009 544 3072 Hrescypolis
556 3006 642 3056 Threx
654 3022 681 3072 p.
691 3005 750 3068 102,
761 3005 796 3059 30
808 3021 883 3071 quem
894 3004 988 3056 librarii

82 3078 109 3126 iu
122 3077 307 3142 Tdraecypotim
319 3083 493 3144 corruperunt.
520 3075 644 3125 Varronis
659 3075 682 3125 is
698 3089 754 3125 mos
769 3075 816 3126 luit
833 3075 909 3126 etiam
924 3074 987 3124 alias

83 3147 244 3209 observatus,
261 3145 308 3196 cir.
330 3145 456 3196 Cornutus
471 3159 498 3210 p.
517 3143 584 3194 2285
600 3143 630 3192 P.
647 3142 791 3194 Priscianus
809 3145 832 3209 l,
848 3143 874 3206 5,
895 3141 936 3191 25.

151 3213 198 3278 26)
209 3213 250 3264 Sic
263 3213 322 3264 dedi
330 3215 487 3278 perantiae&
504 3213 695 3276 Apruqepclim,·
714 3212 850 3270 dialectos,-
860 3213 943 3261 artius
953 3236 987 3245 —

81 3287 235 3341 delectarum·
249 3282 432 3347 Tyrrhenicum
444 3281 674 3338 Carchedoniacon·
688 3281 891 3336 Hecatebeletes:
905 3278 988 3327 Hela-

81 3357 120 3403 sin
140 3353 196 3407 Ilii:
212 3359 323 3410 entaeto,·
341 3354 483 3417 clinopalen
499 3358 524 3401 et
540 3350 641 3400 similia.
680 3348 733 3398 Hac
750 3364 849 3414 qnoque
868 3349 894 3397 in
910 3362 939 3396 re
955 3345 989 3395 ad

82 3429 196 3472 vetustos
210 3420 289 3472 libros
303 3421 461 3471 redeundum
470 3421 596 3480 existimo,
608 3432 667 3468 nem
678 3418 744 3484 apud
756 3423 906 3479 secernant
920 3415 989 3481 apud

80 3500 128 3541 nos
135 3490 340 3542 inimmiscendis
350 3490 477 3541 vocabulis
485 3487 596 3550 Gallicis,
607 3486 819 3541 aliialiterfacere
826 3491 988 3538 consuerant.
